<?xml version="1.0" encoding="UTF-8"?>
<!DOCTYPE html PUBLIC "-//W3C//DTD XHTML 1.0 Transitional//EN"
    "http://www.w3.org/TR/xhtml1/DTD/xhtml1-transitional.dtd">
<html xmlns="http://www.w3.org/1999/xhtml" xml:lang="en" lang="en">
 <head>
  <title>
</title>
<meta http-equiv="Content-Type" content="text/html;charset=utf-8" />
  <meta name='ocr-system' content='tesseract 3.04.00' />
  <meta name='ocr-capabilities' content='ocr_page ocr_carea ocr_par ocr_line ocrx_word'/>
</head>
<body>
  <div class='ocr_page' id='page_1' title='image "./pindaricarminae03pindgoog_0216.png"; bbox 0 0 2859 4934; ppageno 0'>
   <div class='ocr_carea' id='block_1_1' title="bbox 681 392 965 474">
    <p class='ocr_par' dir='ltr' id='par_1_1' title="bbox 681 392 965 474">
     <span class='ocr_line' id='line_1_1' title="bbox 681 392 965 474; baseline 0 -2"><span class='ocrx_word' id='word_1_1' title='bbox 681 392 730 472; x_wconf 90' lang='lat' dir='ltr'>G.</span> <span class='ocrx_word' id='word_1_2' title='bbox 756 393 965 474; x_wconf 85' lang='lat' dir='ltr'>Hermanni</span> 
     </span>
    </p>
   </div>
   <div class='ocr_carea' id='block_1_2' title="bbox 216 715 1350 3425">
    <p class='ocr_par' dir='ltr' id='par_1_2' title="bbox 486 715 1165 818">
     <span class='ocr_line' id='line_1_2' title="bbox 486 715 1165 818; baseline -0.003 -28"><span class='ocrx_word' id='word_1_3' title='bbox 486 724 548 790; x_wconf 88' lang='lat' dir='ltr'>De</span> <span class='ocrx_word' id='word_1_4' title='bbox 571 715 759 818; x_wconf 83' lang='lat' dir='ltr'>generibus</span> <span class='ocrx_word' id='word_1_5' title='bbox 782 731 980 786; x_wconf 75' lang='lat' dir='ltr'>niatronon</span> <span class='ocrx_word' id='word_1_6' title='bbox 1000 717 1165 788; x_wconf 82' lang='lat' dir='ltr'>Pindari.</span> 
     </span>
    </p>

    <p class='ocr_par' dir='ltr' id='par_1_3' title="bbox 314 828 1326 1652">
     <span class='ocr_line' id='line_1_3' title="bbox 398 828 1310 926; baseline 0.001 -18"><span class='ocrx_word' id='word_1_7' title='bbox 398 847 486 909; x_wconf 84' lang='lat' dir='ltr'>Haec</span> <span class='ocrx_word' id='word_1_8' title='bbox 508 847 623 914; x_wconf 87' lang='lat' dir='ltr'>habui,</span> <span class='ocrx_word' id='word_1_9' title='bbox 652 863 732 926; x_wconf 88' lang='lat' dir='ltr'>qnae</span> <span class='ocrx_word' id='word_1_10' title='bbox 750 843 791 906; x_wconf 89' lang='lat' dir='ltr'>de</span> <span class='ocrx_word' id='word_1_11' title='bbox 809 862 963 904; x_wconf 86' lang='lat' dir='ltr'>versuum</span> <span class='ocrx_word' id='word_1_12' title='bbox 989 828 1260 926; x_wconf 87' lang='lat' dir='ltr'>disponendorum</span> <span class='ocrx_word' id='word_1_13' title='bbox 1276 869 1310 914; x_wconf 74' lang='lat' dir='ltr'>ra</span> 
     </span>
     <span class='ocr_line' id='line_1_4' title="bbox 315 946 1308 1030; baseline 0.001 -16"><span class='ocrx_word' id='word_1_14' title='bbox 315 951 405 1015; x_wconf 92' lang='lat' dir='ltr'>tione</span> <span class='ocrx_word' id='word_1_15' title='bbox 421 966 452 1014; x_wconf 88' lang='lat' dir='ltr'>et</span> <span class='ocrx_word' id='word_1_16' title='bbox 473 951 589 1013; x_wconf 83' lang='lat' dir='ltr'>caussis</span> <span class='ocrx_word' id='word_1_17' title='bbox 609 946 756 1010; x_wconf 84' lang='lat' dir='ltr'><strong>dicerem.</strong></span> <span class='ocrx_word' id='word_1_18' title='bbox 812 947 903 1030; x_wconf 83' lang='lat' dir='ltr'>Quae</span> <span class='ocrx_word' id='word_1_19' title='bbox 928 947 1043 1027; x_wconf 86' lang='lat' dir='ltr'>siquis</span> <span class='ocrx_word' id='word_1_20' title='bbox 1068 949 1157 1011; x_wconf 87' lang='lat' dir='ltr'>bene</span> <span class='ocrx_word' id='word_1_21' title='bbox 1180 954 1308 1015; x_wconf 86' lang='lat' dir='ltr'>memoria</span> 
     </span>
     <span class='ocr_line' id='line_1_5' title="bbox 316 1050 1309 1131; baseline 0.006 -15"><span class='ocrx_word' id='word_1_22' title='bbox 316 1067 442 1129; x_wconf 75' lang='lat' dir='ltr'>teneat,</span> <span class='ocrx_word' id='word_1_23' title='bbox 465 1052 642 1131; x_wconf 87' lang='lat' dir='ltr'>iudiciique</span> <span class='ocrx_word' id='word_1_24' title='bbox 663 1051 804 1129; x_wconf 85' lang='lat' dir='ltr'>aliquam</span> <span class='ocrx_word' id='word_1_25' title='bbox 825 1050 1014 1111; x_wconf 78' lang='lat' dir='ltr'>alacritatem</span> <span class='ocrx_word' id='word_1_26' title='bbox 1038 1063 1071 1111; x_wconf 89' lang='lat' dir='ltr'>et</span> <span class='ocrx_word' id='word_1_27' title='bbox 1095 1057 1309 1122; x_wconf 83' lang='lat' dir='ltr'>exercitationis</span> 
     </span>
     <span class='ocr_line' id='line_1_6' title="bbox 315 1142 1326 1237; baseline 0 -17"><span class='ocrx_word' id='word_1_28' title='bbox 315 1178 410 1220; x_wconf 83' lang='lat' dir='ltr'>veum</span> <span class='ocrx_word' id='word_1_29' title='bbox 431 1157 599 1237; x_wconf 88' lang='lat' dir='ltr'>adiungat,</span> <span class='ocrx_word' id='word_1_30' title='bbox 625 1153 695 1213; x_wconf 89' lang='lat' dir='ltr'>lieri</span> <span class='ocrx_word' id='word_1_31' title='bbox 715 1173 783 1216; x_wconf 93' lang='lat' dir='ltr'>nou</span> <span class='ocrx_word' id='word_1_32' title='bbox 806 1155 940 1236; x_wconf 88' lang='lat' dir='ltr'>poterit,</span> <span class='ocrx_word' id='word_1_33' title='bbox 961 1152 1041 1233; x_wconf 90' lang='lat' dir='ltr'>quin</span> <span class='ocrx_word' id='word_1_34' title='bbox 1059 1167 1092 1213; x_wconf 90' lang='lat' dir='ltr'>et</span> <span class='ocrx_word' id='word_1_35' title='bbox 1115 1142 1326 1236; x_wconf 75' lang='lat' dir='ltr'>grammatico¹</span> 
     </span>
     <span class='ocr_line' id='line_1_7' title="bbox 315 1255 1311 1342; baseline -0.003 -19"><span class='ocrx_word' id='word_1_36' title='bbox 315 1282 390 1323; x_wconf 89' lang='lat' dir='ltr'>rum</span> <span class='ocrx_word' id='word_1_37' title='bbox 406 1263 583 1323; x_wconf 85' lang='lat' dir='ltr'>barbariem</span> <span class='ocrx_word' id='word_1_38' title='bbox 598 1255 747 1336; x_wconf 85' lang='lat' dir='ltr'>effugiat,</span> <span class='ocrx_word' id='word_1_39' title='bbox 768 1272 800 1318; x_wconf 87' lang='lat' dir='ltr'>et</span> <span class='ocrx_word' id='word_1_40' title='bbox 819 1277 836 1318; x_wconf 90' lang='lat' dir='ltr'>a</span> <span class='ocrx_word' id='word_1_41' title='bbox 856 1259 961 1318; x_wconf 80' lang='lat' dir='ltr'>critica</span> <span class='ocrx_word' id='word_1_42' title='bbox 983 1259 1186 1332; x_wconf 79' lang='lat' dir='ltr'>temeritate,¹</span> <span class='ocrx_word' id='word_1_43' title='bbox 1207 1283 1262 1342; x_wconf 88' lang='lat' dir='ltr'>qna</span> <span class='ocrx_word' id='word_1_44' title='bbox 1276 1265 1311 1323; x_wconf 88' lang='lat' dir='ltr'>ni-</span> 
     </span>
     <span class='ocr_line' id='line_1_8' title="bbox 314 1359 1311 1446; baseline 0 -19"><span class='ocrx_word' id='word_1_45' title='bbox 314 1365 364 1426; x_wconf 92' lang='lat' dir='ltr'>hil</span> <span class='ocrx_word' id='word_1_46' title='bbox 390 1367 514 1446; x_wconf 85' lang='lat' dir='ltr'>turpius</span> <span class='ocrx_word' id='word_1_47' title='bbox 540 1377 608 1431; x_wconf 87' lang='lat' dir='ltr'>est,</span> <span class='ocrx_word' id='word_1_48' title='bbox 637 1362 700 1422; x_wconf 90' lang='lat' dir='ltr'>sibi</span> <span class='ocrx_word' id='word_1_49' title='bbox 727 1374 894 1441; x_wconf 89' lang='lat' dir='ltr'>temperet.</span> <span class='ocrx_word' id='word_1_50' title='bbox 934 1359 1020 1420; x_wconf 91' lang='lat' dir='ltr'>lllnd</span> <span class='ocrx_word' id='word_1_51' title='bbox 1047 1379 1129 1420; x_wconf 86' lang='lat' dir='ltr'>vero</span> <span class='ocrx_word' id='word_1_52' title='bbox 1156 1361 1191 1422; x_wconf 94' lang='lat' dir='ltr'>in</span> <span class='ocrx_word' id='word_1_53' title='bbox 1216 1364 1269 1425; x_wconf 82' lang='lat' dir='ltr'>hac</span> <span class='ocrx_word' id='word_1_54' title='bbox 1285 1386 1311 1428; x_wconf 88' lang='lat' dir='ltr'>re</span> 
     </span>
     <span class='ocr_line' id='line_1_9' title="bbox 315 1464 1321 1552; baseline 0.003 -23"><span class='ocrx_word' id='word_1_55' title='bbox 315 1487 515 1552; x_wconf 81' lang='lat' dir='ltr'>permagnam</span> <span class='ocrx_word' id='word_1_56' title='bbox 527 1467 690 1526; x_wconf 87' lang='lat' dir='ltr'>vtilitatem</span> <span class='ocrx_word' id='word_1_57' title='bbox 711 1464 894 1525; x_wconf 88' lang='lat' dir='ltr'>habitururn</span> <span class='ocrx_word' id='word_1_58' title='bbox 910 1477 1008 1535; x_wconf 85' lang='lat' dir='ltr'>esset,</span> <span class='ocrx_word' id='word_1_59' title='bbox 1038 1465 1071 1532; x_wconf 80' lang='lat' dir='ltr'>si</span> <span class='ocrx_word' id='word_1_60' title='bbox 1091 1465 1214 1548; x_wconf 86' lang='lat' dir='ltr'>vbiqne</span> <span class='ocrx_word' id='word_1_61' title='bbox 1232 1483 1321 1532; x_wconf 83' lang='lat' dir='ltr'>certas</span> 
     </span>
     <span class='ocr_line' id='line_1_10' title="bbox 316 1567 1311 1652; baseline 0.001 -19"><span class='ocrx_word' id='word_1_62' title='bbox 316 1586 352 1634; x_wconf 87' lang='lat' dir='ltr'>et</span> <span class='ocrx_word' id='word_1_63' title='bbox 369 1571 581 1632; x_wconf 78' lang='lat' dir='ltr'>immutabiles</span> <span class='ocrx_word' id='word_1_64' title='bbox 603 1582 775 1630; x_wconf 85' lang='lat' dir='ltr'>metrorum</span> <span class='ocrx_word' id='word_1_65' title='bbox 792 1567 911 1630; x_wconf 84' lang='lat' dir='ltr'>formas</span> <span class='ocrx_word' id='word_1_66' title='bbox 932 1569 970 1628; x_wconf 91' lang='lat' dir='ltr'>ab</span> <span class='ocrx_word' id='word_1_67' title='bbox 989 1568 1137 1648; x_wconf 87' lang='lat' dir='ltr'>antiquis</span> <span class='ocrx_word' id='word_1_68' title='bbox 1149 1574 1256 1652; x_wconf 82' lang='lat' dir='ltr'>poetis</span> <span class='ocrx_word' id='word_1_69' title='bbox 1273 1574 1311 1634; x_wconf 79' lang='lat' dir='ltr'>ad</span> 
     </span>
    </p>

    <p class='ocr_par' dir='ltr' id='par_1_4' title="bbox 216 1671 1350 3425">
     <span class='ocr_line' id='line_1_11' title="bbox 216 1671 1311 1756; baseline 0 -19"><span class='ocrx_word' id='word_1_70' title='bbox 216 1744 220 1749; x_wconf 54' lang='grc'><strong>,</strong></span> <span class='ocrx_word' id='word_1_71' title='bbox 315 1676 434 1739; x_wconf 88' lang='lat' dir='ltr'>hibitas</span> <span class='ocrx_word' id='word_1_72' title='bbox 459 1675 679 1756; x_wconf 89' lang='lat' dir='ltr'>reperiremus.</span> <span class='ocrx_word' id='word_1_73' title='bbox 721 1674 781 1736; x_wconf 90' lang='lat' dir='ltr'>His</span> <span class='ocrx_word' id='word_1_74' title='bbox 802 1675 887 1734; x_wconf 88' lang='lat' dir='ltr'>enim</span> <span class='ocrx_word' id='word_1_75' title='bbox 908 1671 1079 1752; x_wconf 85' lang='lat' dir='ltr'>diligenter</span> <span class='ocrx_word' id='word_1_76' title='bbox 1098 1673 1311 1737; x_wconf 82' lang='lat' dir='ltr'>animaduersis</span> 
     </span>
     <span class='ocr_line' id='line_1_12' title="bbox 314 1776 1311 1858; baseline 0.001 -19"><span class='ocrx_word' id='word_1_77' title='bbox 314 1793 410 1856; x_wconf 88' lang='lat' dir='ltr'>atque</span> <span class='ocrx_word' id='word_1_78' title='bbox 432 1777 596 1858; x_wconf 72' lang='lat' dir='ltr'>descriptis</span> <span class='ocrx_word' id='word_1_79' title='bbox 622 1776 779 1839; x_wconf 87' lang='lat' dir='ltr'>immensa</span> <span class='ocrx_word' id='word_1_80' title='bbox 802 1779 856 1837; x_wconf 88' lang='lat' dir='ltr'>illa</span> <span class='ocrx_word' id='word_1_81' title='bbox 880 1792 1059 1836; x_wconf 87' lang='lat' dir='ltr'>metrorum</span> <span class='ocrx_word' id='word_1_82' title='bbox 1089 1779 1261 1842; x_wconf 90' lang='lat' dir='ltr'>multitudo</span> <span class='ocrx_word' id='word_1_83' title='bbox 1282 1779 1311 1840; x_wconf 87' lang='lat' dir='ltr'>ad</span> 
     </span>
     <span class='ocr_line' id='line_1_13' title="bbox 313 1882 1350 1995; baseline 0.002 -53"><span class='ocrx_word' id='word_1_84' title='bbox 313 1883 526 1965; x_wconf 85' lang='lat' dir='ltr'>perexiguum</span> <span class='ocrx_word' id='word_1_85' title='bbox 547 1882 689 1941; x_wconf 89' lang='lat' dir='ltr'>reuocari</span> <span class='ocrx_word' id='word_1_86' title='bbox 711 1900 881 1943; x_wconf 88' lang='lat' dir='ltr'>numerum</span> <span class='ocrx_word' id='word_1_87' title='bbox 906 1892 1032 1963; x_wconf 84' lang='lat' dir='ltr'>posset,</span> <span class='ocrx_word' id='word_1_88' title='bbox 1059 1897 1171 1960; x_wconf 91' lang='lat' dir='ltr'>neque</span> <span class='ocrx_word' id='word_1_89' title='bbox 1197 1884 1254 1944; x_wconf 82' lang='lat' dir='ltr'>vlli</span> <span class='ocrx_word' id='word_1_90' title='bbox 1274 1905 1311 1944; x_wconf 79' lang='lat' dir='ltr'>rs·</span> <span class='ocrx_word' id='word_1_91' title='bbox 1348 1920 1350 1995; x_wconf 55' lang='lat'>4</span> 
     </span>
     <span class='ocr_line' id='line_1_14' title="bbox 314 1986 1350 2067; baseline 0.003 -24"><span class='ocrx_word' id='word_1_92' title='bbox 314 2003 407 2065; x_wconf 87' lang='lat' dir='ltr'>qnam</span> <span class='ocrx_word' id='word_1_93' title='bbox 422 2003 532 2043; x_wconf 86' lang='lat' dir='ltr'>versus</span> <span class='ocrx_word' id='word_1_94' title='bbox 546 1999 763 2056; x_wconf 90' lang='lat' dir='ltr'>occurrerent,</span> <span class='ocrx_word' id='word_1_95' title='bbox 784 1987 862 2067; x_wconf 91' lang='lat' dir='ltr'>quin</span> <span class='ocrx_word' id='word_1_96' title='bbox 878 2000 910 2046; x_wconf 89' lang='lat' dir='ltr'>et</span> <span class='ocrx_word' id='word_1_97' title='bbox 928 1998 1041 2046; x_wconf 89' lang='lat' dir='ltr'>certam</span> <span class='ocrx_word' id='word_1_98' title='bbox 1057 1986 1158 2044; x_wconf 84' lang='lat' dir='ltr'>metri</span> <span class='ocrx_word' id='word_1_99' title='bbox 1174 1989 1311 2067; x_wconf 77' lang='lat' dir='ltr'>regulam,</span> <span class='ocrx_word' id='word_1_100' title='bbox 1349 2008 1350 2013; x_wconf 49' lang='lat'>¹</span> 
     </span>
     <span class='ocr_line' id='line_1_15' title="bbox 307 2087 1350 2171; baseline 0.005 -22"><span class='ocrx_word' id='word_1_101' title='bbox 307 2104 346 2167; x_wconf 31' lang='lat' dir='ltr'>,et</span> <span class='ocrx_word' id='word_1_102' title='bbox 367 2108 459 2149; x_wconf 90' lang='lat' dir='ltr'>sunm</span> <span class='ocrx_word' id='word_1_103' title='bbox 479 2087 638 2166; x_wconf 80' lang='lat' dir='ltr'>quoddam</span> <span class='ocrx_word' id='word_1_104' title='bbox 658 2107 694 2147; x_wconf 88' lang='lat' dir='ltr'>ac</span> <span class='ocrx_word' id='word_1_105' title='bbox 715 2093 881 2171; x_wconf 90' lang='lat' dir='ltr'>proprium</span> <span class='ocrx_word' id='word_1_106' title='bbox 902 2109 1020 2153; x_wconf 90' lang='lat' dir='ltr'>nomen</span> <span class='ocrx_word' id='word_1_107' title='bbox 1040 2102 1154 2151; x_wconf 86' lang='lat' dir='ltr'>essent</span> <span class='ocrx_word' id='word_1_108' title='bbox 1178 2089 1311 2154; x_wconf 84' lang='lat' dir='ltr'>habituri.</span> <span class='ocrx_word' id='word_1_109' title='bbox 1349 2158 1350 2165; x_wconf 9' lang='grc' dir='ltr'>χ</span> 
     </span>
     <span class='ocr_line' id='line_1_16' title="bbox 312 2172 1350 2277; baseline 0.007 -27"><span class='ocrx_word' id='word_1_110' title='bbox 312 2191 429 2251; x_wconf 83' lang='lat' dir='ltr'>Verum</span> <span class='ocrx_word' id='word_1_111' title='bbox 451 2210 521 2250; x_wconf 88' lang='lat' dir='ltr'>eam</span> <span class='ocrx_word' id='word_1_112' title='bbox 541 2192 724 2270; x_wconf 84' lang='lat' dir='ltr'>opinionem</span> <span class='ocrx_word' id='word_1_113' title='bbox 747 2196 961 2273; x_wconf 83' lang='lat' dir='ltr'>grammaticis</span> <span class='ocrx_word' id='word_1_114' title='bbox 981 2193 1226 2270; x_wconf 86' lang='lat' dir='ltr'>relinquemus,</span> <span class='ocrx_word' id='word_1_115' title='bbox 1246 2215 1312 2277; x_wconf 83' lang='lat' dir='ltr'>quae</span> <span class='ocrx_word' id='word_1_116' title='bbox 1349 2172 1350 2223; x_wconf 53' lang='lat'>3</span> 
     </span>
     <span class='ocr_line' id='line_1_17' title="bbox 313 2295 1311 2382; baseline 0.007 -27"><span class='ocrx_word' id='word_1_117' title='bbox 313 2310 446 2376; x_wconf 89' lang='lat' dir='ltr'>quantas</span> <span class='ocrx_word' id='word_1_118' title='bbox 471 2295 505 2355; x_wconf 92' lang='lat' dir='ltr'>in</span> <span class='ocrx_word' id='word_1_119' title='bbox 533 2296 621 2355; x_wconf 92' lang='lat' dir='ltr'>omui</span> <span class='ocrx_word' id='word_1_120' title='bbox 646 2315 681 2355; x_wconf 90' lang='lat' dir='ltr'>re</span> <span class='ocrx_word' id='word_1_121' title='bbox 702 2296 832 2357; x_wconf 87' lang='lat' dir='ltr'>metrica</span> <span class='ocrx_word' id='word_1_122' title='bbox 859 2298 965 2359; x_wconf 89' lang='lat' dir='ltr'>turbas</span> <span class='ocrx_word' id='word_1_123' title='bbox 989 2297 1200 2369; x_wconf 83' lang='lat' dir='ltr'>excitauerit,</span> <span class='ocrx_word' id='word_1_124' title='bbox 1234 2319 1311 2382; x_wconf 83' lang='lat' dir='ltr'>supra</span> 
     </span>
     <span class='ocr_line' id='line_1_18' title="bbox 313 2397 1312 2481; baseline 0.006 -21"><span class='ocrx_word' id='word_1_125' title='bbox 313 2400 388 2461; x_wconf 85' lang='lat' dir='ltr'>satis</span> <span class='ocrx_word' id='word_1_126' title='bbox 409 2399 658 2460; x_wconf 87' lang='lat' dir='ltr'>demonstratum</span> <span class='ocrx_word' id='word_1_127' title='bbox 680 2414 739 2462; x_wconf 87' lang='lat' dir='ltr'>est.</span> <span class='ocrx_word' id='word_1_128' title='bbox 790 2399 856 2461; x_wconf 89' lang='lat' dir='ltr'>Nos</span> <span class='ocrx_word' id='word_1_129' title='bbox 881 2397 1007 2481; x_wconf 88' lang='lat' dir='ltr'>quidem</span> <span class='ocrx_word' id='word_1_130' title='bbox 1032 2399 1074 2459; x_wconf 90' lang='lat' dir='ltr'>de</span> <span class='ocrx_word' id='word_1_131' title='bbox 1096 2399 1312 2466; x_wconf 89' lang='lat' dir='ltr'>huiuscemodi</span> 
     </span>
     <span class='ocr_line' id='line_1_19' title="bbox 313 2502 1310 2589; baseline 0.008 -26"><span class='ocrx_word' id='word_1_132' title='bbox 313 2502 518 2563; x_wconf 84' lang='lat' dir='ltr'>adminiculis</span> <span class='ocrx_word' id='word_1_133' title='bbox 536 2504 611 2564; x_wconf 88' lang='lat' dir='ltr'>artis</span> <span class='ocrx_word' id='word_1_134' title='bbox 636 2504 787 2564; x_wconf 88' lang='lat' dir='ltr'>metricae</span> <span class='ocrx_word' id='word_1_135' title='bbox 805 2506 898 2583; x_wconf 89' lang='lat' dir='ltr'>plane</span> <span class='ocrx_word' id='word_1_136' title='bbox 918 2505 1145 2586; x_wconf 81' lang='lat' dir='ltr'>desperamus,</span> <span class='ocrx_word' id='word_1_137' title='bbox 1163 2507 1261 2589; x_wconf 88' lang='lat' dir='ltr'>idque</span> <span class='ocrx_word' id='word_1_138' title='bbox 1280 2527 1310 2570; x_wconf 86' lang='lat' dir='ltr'>so</span> 
     </span>
     <span class='ocr_line' id='line_1_20' title="bbox 311 2591 1312 2690; baseline 0.008 -24"><span class='ocrx_word' id='word_1_139' title='bbox 311 2607 472 2668; x_wconf 88' lang='lat' dir='ltr'>lubentius</span> <span class='ocrx_word' id='word_1_140' title='bbox 493 2604 643 2677; x_wconf 82' lang='lat' dir='ltr'>facimus,</span> <span class='ocrx_word' id='word_1_141' title='bbox 666 2607 750 2686; x_wconf 92' lang='lat' dir='ltr'>quod</span> <span class='ocrx_word' id='word_1_142' title='bbox 769 2609 914 2669; x_wconf 91' lang='lat' dir='ltr'>diuinum</span> <span class='ocrx_word' id='word_1_143' title='bbox 936 2608 1146 2690; x_wconf 88' lang='lat' dir='ltr'>ingeniorum</span> <span class='ocrx_word' id='word_1_144' title='bbox 1160 2591 1312 2675; x_wconf 84' lang='lat' dir='ltr'>¹feruorettt</span> 
     </span>
     <span class='ocr_line' id='line_1_21' title="bbox 312 2713 1313 2793; baseline 0.004 -21"><span class='ocrx_word' id='word_1_145' title='bbox 312 2730 381 2774; x_wconf 88' lang='lat' dir='ltr'>non</span> <span class='ocrx_word' id='word_1_146' title='bbox 405 2713 495 2782; x_wconf 89' lang='lat' dir='ltr'>aliis,</span> <span class='ocrx_word' id='word_1_147' title='bbox 528 2714 593 2773; x_wconf 93' lang='lat' dir='ltr'>nisi</span> <span class='ocrx_word' id='word_1_148' title='bbox 621 2733 702 2792; x_wconf 89' lang='lat' dir='ltr'>quae</span> <span class='ocrx_word' id='word_1_149' title='bbox 727 2733 765 2773; x_wconf 83' lang='lat' dir='ltr'>ex</span> <span class='ocrx_word' id='word_1_150' title='bbox 790 2713 858 2792; x_wconf 89' lang='lat' dir='ltr'>ipsa</span> <span class='ocrx_word' id='word_1_151' title='bbox 884 2713 932 2772; x_wconf 89' lang='lat' dir='ltr'>rei</span> <span class='ocrx_word' id='word_1_152' title='bbox 951 2725 1062 2771; x_wconf 86' lang='lat' dir='ltr'>natura</span> <span class='ocrx_word' id='word_1_153' title='bbox 1085 2717 1211 2792; x_wconf 89' lang='lat' dir='ltr'>petitae</span> <span class='ocrx_word' id='word_1_154' title='bbox 1237 2732 1313 2793; x_wconf 86' lang='lat' dir='ltr'>suut,</span> 
     </span>
     <span class='ocr_line' id='line_1_22' title="bbox 310 2815 1313 2898; baseline 0.008 -24"><span class='ocrx_word' id='word_1_155' title='bbox 310 2815 433 2896; x_wconf 88' lang='lat' dir='ltr'>legibus</span> <span class='ocrx_word' id='word_1_156' title='bbox 455 2817 591 2877; x_wconf 85' lang='lat' dir='ltr'>coerceri</span> <span class='ocrx_word' id='word_1_157' title='bbox 609 2837 699 2898; x_wconf 85' lang='lat' dir='ltr'>posse</span> <span class='ocrx_word' id='word_1_158' title='bbox 721 2816 941 2897; x_wconf 81' lang='lat' dir='ltr'>intelligimus.</span> <span class='ocrx_word' id='word_1_159' title='bbox 983 2816 1018 2876; x_wconf 94' lang='lat' dir='ltr'>ld</span> <span class='ocrx_word' id='word_1_160' title='bbox 1040 2817 1182 2880; x_wconf 88' lang='lat' dir='ltr'>liberum</span> <span class='ocrx_word' id='word_1_161' title='bbox 1199 2839 1313 2883; x_wconf 87' lang='lat' dir='ltr'>manere</span> 
     </span>
     <span class='ocr_line' id='line_1_23' title="bbox 310 2904 1311 3002; baseline 0.009 -24"><span class='ocrx_word' id='word_1_162' title='bbox 310 2919 404 2979; x_wconf 88' lang='lat' dir='ltr'>debet</span> <span class='ocrx_word' id='word_1_163' title='bbox 426 2920 535 2980; x_wconf 86' lang='lat' dir='ltr'>sensui</span> <span class='ocrx_word' id='word_1_164' title='bbox 561 2934 728 3000; x_wconf 85' lang='lat' dir='ltr'>poetarum</span> <span class='ocrx_word' id='word_1_165' title='bbox 754 2935 849 3002; x_wconf 86' lang='lat' dir='ltr'>atque</span> <span class='ocrx_word' id='word_1_166' title='bbox 873 2920 1021 2988; x_wconf 77' lang='lat' dir='ltr'>arbitrIo.</span> <span class='ocrx_word' id='word_1_167' title='bbox 1058 2940 1141 3001; x_wconf 90' lang='lat' dir='ltr'>qnos</span> <span class='ocrx_word' id='word_1_168' title='bbox 1162 2904 1311 2987; x_wconf 58' lang='lat' dir='ltr'>&#39;numeros</span> 
     </span>
     <span class='ocr_line' id='line_1_24' title="bbox 310 3023 1312 3104; baseline 0.007 -21"><span class='ocrx_word' id='word_1_169' title='bbox 310 3025 461 3083; x_wconf 86' lang='lat' dir='ltr'>adhibere</span> <span class='ocrx_word' id='word_1_170' title='bbox 477 3023 588 3092; x_wconf 87' lang='lat' dir='ltr'>velint,</span> <span class='ocrx_word' id='word_1_171' title='bbox 604 3024 677 3084; x_wconf 90' lang='lat' dir='ltr'>dum</span> <span class='ocrx_word' id='word_1_172' title='bbox 694 3026 742 3085; x_wconf 91' lang='lat' dir='ltr'>illi</span> <span class='ocrx_word' id='word_1_173' title='bbox 759 3025 885 3084; x_wconf 88' lang='lat' dir='ltr'>numeri</span> <span class='ocrx_word' id='word_1_174' title='bbox 900 3025 973 3085; x_wconf 88' lang='lat' dir='ltr'>sint.</span> <span class='ocrx_word' id='word_1_175' title='bbox 1012 3023 1126 3104; x_wconf 86' lang='lat' dir='ltr'>Neque</span> <span class='ocrx_word' id='word_1_176' title='bbox 1143 3030 1235 3090; x_wconf 88' lang='lat' dir='ltr'>enirn</span> <span class='ocrx_word' id='word_1_177' title='bbox 1248 3045 1312 3090; x_wconf 87' lang='lat' dir='ltr'>ante</span> 
     </span>
     <span class='ocr_line' id='line_1_25' title="bbox 308 3116 1313 3217; baseline 0.006 -31"><span class='ocrx_word' id='word_1_178' title='bbox 308 3128 523 3209; x_wconf 86' lang='lat' dir='ltr'>grammatici,</span> <span class='ocrx_word' id='word_1_179' title='bbox 547 3146 638 3207; x_wconf 89' lang='lat' dir='ltr'>quam</span> <span class='ocrx_word' id='word_1_180' title='bbox 662 3143 775 3208; x_wconf 88' lang='lat' dir='ltr'>poetae</span> <span class='ocrx_word' id='word_1_181' title='bbox 792 3125 940 3213; x_wconf 73' lang='lat' dir='ltr'>luerunt,</span> <span class='ocrx_word' id='word_1_182' title='bbox 959 3146 995 3188; x_wconf 87' lang='lat' dir='ltr'>ae</span> <span class='ocrx_word' id='word_1_183' title='bbox 1010 3116 1175 3210; x_wconf 81' lang='lat' dir='ltr'>poetarum</span> <span class='ocrx_word' id='word_1_184' title='bbox 1197 3132 1313 3217; x_wconf 81' lang='lat' dir='ltr'>ingenii</span> 
     </span>
     <span class='ocr_line' id='line_1_26' title="bbox 307 3230 1311 3317; baseline 0.008 -25"><span class='ocrx_word' id='word_1_185' title='bbox 307 3246 373 3302; x_wconf 89' lang='lat' dir='ltr'>ost,</span> <span class='ocrx_word' id='word_1_186' title='bbox 395 3232 562 3295; x_wconf 86' lang='lat' dir='ltr'>inuenire:</span> <span class='ocrx_word' id='word_1_187' title='bbox 592 3233 724 3293; x_wconf 87' lang='lat' dir='ltr'>iuuenta</span> <span class='ocrx_word' id='word_1_188' title='bbox 747 3232 877 3294; x_wconf 91' lang='lat' dir='ltr'>illorum</span> <span class='ocrx_word' id='word_1_189' title='bbox 897 3230 1037 3302; x_wconf 86' lang='lat' dir='ltr'>discere,</span> <span class='ocrx_word' id='word_1_190' title='bbox 1066 3235 1239 3317; x_wconf 86' lang='lat' dir='ltr'>colligere,</span> <span class='ocrx_word' id='word_1_191' title='bbox 1266 3256 1311 3299; x_wconf 78' lang='lat' dir='ltr'>est·</span> 
     </span>
     <span class='ocr_line' id='line_1_27' title="bbox 306 3333 1172 3425; baseline 0.006 -28"><span class='ocrx_word' id='word_1_192' title='bbox 306 3339 444 3425; x_wconf 80' lang='lat' dir='ltr'>plicare,</span> <span class='ocrx_word' id='word_1_193' title='bbox 465 3334 499 3394; x_wconf 89' lang='lat' dir='ltr'>id</span> <span class='ocrx_word' id='word_1_194' title='bbox 518 3353 596 3395; x_wconf 82' lang='lat' dir='ltr'>vero</span> <span class='ocrx_word' id='word_1_195' title='bbox 616 3333 792 3396; x_wconf 85' lang='lat' dir='ltr'>sedulitatis</span> <span class='ocrx_word' id='word_1_196' title='bbox 814 3348 863 3396; x_wconf 93' lang='lat' dir='ltr'>est</span> <span class='ocrx_word' id='word_1_197' title='bbox 882 3337 1172 3416; x_wconf 83' lang='lat' dir='ltr'>grammaticorum.¹</span> 
     </span>
    </p>
   </div>
   <div class='ocr_carea' id='block_1_3' title="bbox 198 3486 1314 4282">
    <p class='ocr_par' dir='ltr' id='par_1_5' title="bbox 306 3486 1312 3781">
     <span class='ocr_line' id='line_1_28' title="bbox 390 3486 1312 3572; baseline 0.005 -20"><span class='ocrx_word' id='word_1_198' title='bbox 390 3491 435 3552; x_wconf 84' lang='lat' dir='ltr'>Ac</span> <span class='ocrx_word' id='word_1_199' title='bbox 464 3487 623 3550; x_wconf 83' lang='lat' dir='ltr'>Pindarus</span> <span class='ocrx_word' id='word_1_200' title='bbox 648 3486 775 3567; x_wconf 89' lang='lat' dir='ltr'>quidem</span> <span class='ocrx_word' id='word_1_201' title='bbox 802 3489 923 3550; x_wconf 88' lang='lat' dir='ltr'>tametsi</span> <span class='ocrx_word' id='word_1_202' title='bbox 947 3490 1115 3572; x_wconf 86' lang='lat' dir='ltr'>ingentem</span> <span class='ocrx_word' id='word_1_203' title='bbox 1142 3510 1312 3557; x_wconf 87' lang='lat' dir='ltr'>metrorum</span> 
     </span>
     <span class='ocr_line' id='line_1_29' title="bbox 308 3591 1312 3676; baseline 0.001 -20"><span class='ocrx_word' id='word_1_204' title='bbox 308 3596 428 3676; x_wconf 84' lang='lat' dir='ltr'>copiam</span> <span class='ocrx_word' id='word_1_205' title='bbox 448 3592 488 3654; x_wconf 89' lang='lat' dir='ltr'>ad</span> <span class='ocrx_word' id='word_1_206' title='bbox 506 3613 592 3654; x_wconf 89' lang='lat' dir='ltr'>suam</span> <span class='ocrx_word' id='word_1_207' title='bbox 611 3593 709 3673; x_wconf 89' lang='lat' dir='ltr'>ipsius</span> <span class='ocrx_word' id='word_1_208' title='bbox 729 3592 898 3675; x_wconf 85' lang='lat' dir='ltr'>libidinem</span> <span class='ocrx_word' id='word_1_209' title='bbox 919 3591 1054 3667; x_wconf 82' lang='lat' dir='ltr'>effinxit,</span> <span class='ocrx_word' id='word_1_210' title='bbox 1078 3608 1188 3656; x_wconf 84' lang='lat' dir='ltr'>tamen</span> <span class='ocrx_word' id='word_1_211' title='bbox 1207 3601 1312 3659; x_wconf 89' lang='lat' dir='ltr'>multas</span> 
     </span>
     <span class='ocr_line' id='line_1_30' title="bbox 306 3696 1312 3781; baseline 0.003 -22"><span class='ocrx_word' id='word_1_212' title='bbox 306 3718 459 3760; x_wconf 87' lang='lat' dir='ltr'>versuum</span> <span class='ocrx_word' id='word_1_213' title='bbox 476 3696 593 3758; x_wconf 86' lang='lat' dir='ltr'>formas</span> <span class='ocrx_word' id='word_1_214' title='bbox 612 3698 651 3757; x_wconf 87' lang='lat' dir='ltr'>ab</span> <span class='ocrx_word' id='word_1_215' title='bbox 667 3697 902 3777; x_wconf 86' lang='lat' dir='ltr'>antiquioribus</span> <span class='ocrx_word' id='word_1_216' title='bbox 920 3699 1021 3778; x_wconf 86' lang='lat' dir='ltr'>poetis</span> <span class='ocrx_word' id='word_1_217' title='bbox 1041 3701 1182 3781; x_wconf 88' lang='lat' dir='ltr'>accepit,</span> <span class='ocrx_word' id='word_1_218' title='bbox 1205 3703 1312 3762; x_wconf 85' lang='lat' dir='ltr'>multas</span> 
     </span>
    </p>

    <p class='ocr_par' dir='ltr' id='par_1_6' title="bbox 252 3790 1312 3992">
     <span class='ocr_line' id='line_1_31' title="bbox 252 3790 1312 3886; baseline -0.001 -24"><span class='ocrx_word' id='word_1_219' title='bbox 252 3796 272 3819; x_wconf 83' lang='grc'>”</span> <span class='ocrx_word' id='word_1_220' title='bbox 306 3803 418 3872; x_wconf 88' lang='lat' dir='ltr'>etiarn,</span> <span class='ocrx_word' id='word_1_221' title='bbox 439 3820 515 3881; x_wconf 88' lang='lat' dir='ltr'>quas</span> <span class='ocrx_word' id='word_1_222' title='bbox 529 3802 600 3882; x_wconf 85' lang='lat' dir='ltr'>ipse</span> <span class='ocrx_word' id='word_1_223' title='bbox 622 3805 869 3883; x_wconf 86' lang='lat' dir='ltr'>excogitauerat,</span> <span class='ocrx_word' id='word_1_224' title='bbox 893 3802 1051 3862; x_wconf 87' lang='lat' dir='ltr'>constanti</span> <span class='ocrx_word' id='word_1_225' title='bbox 1072 3823 1133 3864; x_wconf 81' lang='lat' dir='ltr'>rau</span> <span class='ocrx_word' id='word_1_226' title='bbox 1153 3790 1257 3886; x_wconf 83' lang='lat' dir='ltr'>propo</span> <span class='ocrx_word' id='word_1_227' title='bbox 1276 3801 1312 3863; x_wconf 85' lang='lat' dir='ltr'>ad</span> 
     </span>
     <span class='ocr_line' id='line_1_32' title="bbox 304 3903 1312 3992; baseline 0 -27"><span class='ocrx_word' id='word_1_228' title='bbox 304 3906 431 3968; x_wconf 87' lang='lat' dir='ltr'>illorum</span> <span class='ocrx_word' id='word_1_229' title='bbox 454 3919 630 3967; x_wconf 87' lang='lat' dir='ltr'>metrorum</span> <span class='ocrx_word' id='word_1_230' title='bbox 659 3907 873 3992; x_wconf 88' lang='lat' dir='ltr'>celebritatem</span> <span class='ocrx_word' id='word_1_231' title='bbox 897 3903 1046 3975; x_wconf 87' lang='lat' dir='ltr'>adduxit,</span> <span class='ocrx_word' id='word_1_232' title='bbox 1071 3923 1151 3980; x_wconf 86' lang='lat' dir='ltr'>quae</span> <span class='ocrx_word' id='word_1_233' title='bbox 1172 3920 1209 3965; x_wconf 88' lang='lat' dir='ltr'>ot</span> <span class='ocrx_word' id='word_1_234' title='bbox 1227 3925 1312 3988; x_wconf 86' lang='lat' dir='ltr'>regu·</span> 
     </span>
    </p>

    <p class='ocr_par' dir='ltr' id='par_1_7' title="bbox 198 4003 1314 4196">
     <span class='ocr_line' id='line_1_33' title="bbox 198 4003 1314 4092; baseline 0.001 -22"><span class='ocrx_word' id='word_1_235' title='bbox 198 4017 207 4029; x_wconf 92' lang='grc'><strong>’</strong></span> <span class='ocrx_word' id='word_1_236' title='bbox 303 4009 367 4070; x_wconf 86' lang='lat' dir='ltr'>lam</span> <span class='ocrx_word' id='word_1_237' title='bbox 391 4003 510 4070; x_wconf 84' lang='lat' dir='ltr'>certam</span> <span class='ocrx_word' id='word_1_238' title='bbox 531 4023 563 4070; x_wconf 90' lang='lat' dir='ltr'>et</span> <span class='ocrx_word' id='word_1_239' title='bbox 586 4011 753 4089; x_wconf 89' lang='lat' dir='ltr'>proprium</span> <span class='ocrx_word' id='word_1_240' title='bbox 777 4025 899 4070; x_wconf 81' lang='lat' dir='ltr'>nomon</span> <span class='ocrx_word' id='word_1_241' title='bbox 920 4008 1048 4068; x_wconf 83' lang='lat' dir='ltr'>habent.</span> <span class='ocrx_word' id='word_1_242' title='bbox 1105 4009 1157 4070; x_wconf 90' lang='lat' dir='ltr'>De</span> <span class='ocrx_word' id='word_1_243' title='bbox 1181 4025 1314 4092; x_wconf 76' lang='lat' dir='ltr'>utroque</span> 
     </span>
     <span class='ocr_line' id='line_1_34' title="bbox 303 4109 1313 4196; baseline 0.002 -22"><span class='ocrx_word' id='word_1_244' title='bbox 303 4129 423 4196; x_wconf 86' lang='lat' dir='ltr'>genere</span> <span class='ocrx_word' id='word_1_245' title='bbox 441 4109 662 4174; x_wconf 85' lang='lat' dir='ltr'>disserendum</span> <span class='ocrx_word' id='word_1_246' title='bbox 683 4114 778 4176; x_wconf 89' lang='lat' dir='ltr'>nobie</span> <span class='ocrx_word' id='word_1_247' title='bbox 801 4127 898 4195; x_wconf 82' lang='lat' dir='ltr'>atque</span> <span class='ocrx_word' id='word_1_248' title='bbox 917 4112 1143 4196; x_wconf 87' lang='lat' dir='ltr'>explicandum</span> <span class='ocrx_word' id='word_1_249' title='bbox 1160 4131 1229 4191; x_wconf 85' lang='lat' dir='ltr'>eet,</span> <span class='ocrx_word' id='word_1_250' title='bbox 1250 4128 1313 4179; x_wconf 80' lang='lat' dir='ltr'>tum·</span> 
     </span>
    </p>

    <p class='ocr_par' dir='ltr' id='par_1_8' title="bbox 1281 4233 1314 4282">
     <span class='ocr_line' id='line_1_35' title="bbox 1281 4233 1314 4282; baseline -0.061 0"><span class='ocrx_word' id='word_1_251' title='bbox 1281 4233 1314 4282; x_wconf 74' lang='lat' dir='ltr'>Vl</span> 
     </span>
    </p>
   </div>
   <div class='ocr_carea' id='block_1_4' title="bbox 0 0 1434 4934">
    <p class='ocr_par' dir='ltr' id='par_1_9' title="bbox 0 0 1434 4934">
     <span class='ocr_line' id='line_1_36' title="bbox 0 0 1434 4934; baseline 0 3"><span class='ocrx_word' id='word_1_252' title='bbox 0 0 1434 4934; x_wconf 95' lang='lat' dir='ltr'> </span> 
     </span>
    </p>
   </div>
  </div>
 </body>
</html>
