2859 4934
467 468 471 483 .
570 404 617 478 ex
640 396 856 492 Partheniis.
940 422 947 427 ’
1166 427 1218 499 29

288 597 352 658 Sed
370 593 467 656 redeo
488 593 533 654 ad¹
545 594 648 654 locum
667 591 708 651 de
723 590 828 661 Pane,
850 587 969 669 dequo
987 589 1023 651 in
1036 580 1087 653 his
1107 592 1221 656 iisdem
1328 652 1332 666 ,

201 703 405 771 Partheniis,
427 701 490 760 nisi
515 697 620 770 fabor,
644 696 802 758 cecinerat
822 693 996 767 Pindarus,
1030 716 1109 777 quae
1123 698 1223 762 refert

203 810 389 881 Aristoteles
406 806 539 885 Rhetor.
556 802 656 877 11·,24.

258 907 288 1000 οἷν
309 916 452 1023 μαίιαρ,
478 909 563 996 ὅντε
587 907 770 1014 μεγάλας
790 907 889 992 θεοῦ
909 905 1007 991 κύνα
1028 937 1172 998 παντο.

259 1033 378 1123 barret)
397 1038 600 1122 καλέουσιν
619 1029 837 1141 Ὀλύμπιοι.

207 1175 302 1236 etiam
322 1192 404 1253 quae
415 1169 521 1230 laudat
534 1181 685 1247 tanquam
705 1161 871 1223 Pindarica
887 1160 1040 1225 Aristides
1059 1163 1099 1228 T.
1110 1166 1133 1232 Ι.
1146 1187 1221 1249 μορ
1250 1180 1252 1184 ·

208 1278 251 1340 de
266 1276 362 1338 sociis
381 1272 512 1334 Bacchi:
544 1267 655 1330 διδόασι
670 1264 697 1327 δ’
708 1261 792 1349 αὐτῷ
803 1264 853 1326 uni
867 1263 920 1329 τόν
936 1263 1027 1328 [inire

415 1372 599 1479 χορευτιλν
623 1363 869 1451 τελεώτατον
894 1367 999 1451 θεῶν

208 1493 301 1578 ὄντα,
335 1496 378 1566 u‘e
390 1495 542 1577 Πίνδαρός
562 1517 598 1558 re
617 1491 727 1569 ὑμνεῖ,
759 1489 809 1550 καὶ
828 1490 855 1550 οἱ
870 1494 940 1551 κατ’
953 1485 1112 1563 Αἴγυπτον
1131 1493 1225 1577 ἱερεῖς

210 1593 398 1676 κατέμαθον.
439 1600 502 1658 Iam
519 1617 594 1659 vero
613 1617 684 1657 rem
699 1596 810 1656 miram
825 1594 910 1664 audie
931 1595 1079 1657 studiosis
1093 1598 1225 1660 Pindari
1286 1657 1288 1660 .

211 1707 417 1788 gratissimam
440 1701 590 1764 fututam.
632 1699 714 1762 Illud
737 1698 875 1756 enimin
895 1696 1017 1758 Panem
1039 1722 1167 1763 carmen
1184 1725 1225 1767 ex
1336 1783 1338 1789 Ι

210 1809 392 1874 Partheniis
407 1807 550 1869 seruauit
569 1824 607 1865 ex
627 1790 715 1887 parte
732 1802 922 1873 Athenaeus,
942 1804 997 1882 qui
1011 1805 1102 1865 nullo
1118 1805 1227 1869 discri-

211 1917 303 1976 mine
322 1931 383 1973 nec
398 1911 534 1971 auctoris
550 1908 682 1970 nornine
702 1921 855 1968 annotato
869 1909 977 1989 posuit
998 1910 1033 1969 in
1050 1908 1224 1974 Scoliorum

210 2038 348 2084 numero
368 2018 465 2078 etiarn
483 2015 581 2076 hocce
600 2011 665 2074 XV.
690 2012 800 2094 p.694.
811 2013 852 2074 D.

185 2162 188 2168 <
287 2119 345 2202 Ἰοῖ
370 2118 478 2209 Ποὶν,
501 2106 709 2222 Ἀρκαδίας
734 2106 873 2217 μελέων
898 2119 1090 2208 κλεεννᾶς,

288 2236 679 2348 Ὀρχαστοὶιβρνμίαις
695 2228 812 2318 σ’τιαιλὲ
829 2230 1002 2340 λύμφαις
1015 2230 1227 2335 γελασῖαις.

270 2363 351 2446 -Ἰσλ
364 2363 461 2454 Ποὶν,
485 2358 667 2462 ἐπ”ἑμαῖς
692 2355 931 2465 εὐφροσύναις
955 2355 1075 2446 ταῖςιλ’
1092 2357 1229 2449 α’σιιλαῖς

291 2476 391 2566 σ’ἱειιλε
414 2483 679 2589 κεχαρημένος·

241 2631 264 2697 5
294 2603 515 2705 ἐνικήσαμεν
540 2603 616 2712 γαρ

293 2727 340 2809 ὠς
365 2723 630 2828 ἐβουλόμεθα,
651 2720 720 2806 καὶ
744 2720 851 2805 νίκαν
876 2712 1008 2805 ἔλασαν
1029 2723 1062 2806 οἱ
1081 2725 1179 2819 θεοῖ,
1278 2730 1281 2737 ’

295 2848 469 2954 φέροντες
485 2846 593 2954 παρα
609 2839 819 2951 Πανδρόσου
837 2842 884 2926 οἷς
898 2845 1023 2950 φίλαν
1038 2843 1230 2944 Ἀθήναν.

217 2981 351 3061 (Vltima
371 2981 455 3040 haud
477 2978 574 3040 dubie
593 2978 739 3047 diuersa;
766 2977 825 3037 etsi
841 2990 870 3037 et
887 2994 903 3034 a
918 2975 1080 3040 Brunckie
1093 2981 1230 3041 iunctim

217 3088 305 3149 edita
325 3100 417 3157 eunt:
439 3084 479 3147 T.
488 3084 512 3143 1.
530 3102 561 3163 p.
576 3079 643 3156 156.
667 3081 722 3160 qui
739 3094 770 3139 et
787 3079 1001 3169 contendebat
1017 3083 1146 3146 Scolion
1168 3085 1229 3147 hoc
1327 3128 1354 3161 1.

218 3208 310 3263 esee,
331 3206 393 3248 nec
411 3185 496 3246 aliud
514 3204 642 3245 carmen
660 3203 729 3246 esse
747 3204 856 3266 posse3
881 3200 990 3245 contra
1007 3207 1106 3267 quem
1123 3188 1229 3270 dispu-

217 3307 267 3354 nt
281 3291 332 3352 vn
348 3289 459 3351 doctus
475 3289 510 3350 an
525 3290 607 3353 οισι.
619 3289 771 3351 aihtron.
788 3288 901 3371 putor.
919 3291 1007 3365 '1778-
1018 3274 1111 3353 12.er
1124 3294 1230 3375 μετ.)

217 3431 262 3447 -
283 3395 434 3476 Suspicor
456 3407 560 3477 toturn
580 3414 707 3456 carmen
724 3395 874 3476 scriptum
891 3413 960 3455 esse
975 3396 1009 3455 in
1029 3397 1156 3458 laudem
1172 3393 1237 3460 Pa:

217 3504 291 3573 nie,
315 3519 380 3581 quo
399 3497 481 3558 duce
500 3501 712 3561 Athenienses
734 3500 880 3561 nobiletn
901 3501 987 3559 illam
1006 3514 1148 3585 pugnam
1163 3505 1231 3565 Ma-

218 3607 402 3681 rathoniam
422 3603 587 3676 vicerunt;
616 3603 671 3666 sed
692 3604 800 3665 verbis
820 3605 897 3686 ipsis
920 3624 1049 3664 manum
1071 3608 1233 3671 abstinere

218 3723 379 3794 praestat,
403 3709 568 3788 inquibus
587 3684 787 3789 'corrigendis
807 3707 878 3766 aine
896 3707 1055 3770 bonorum
1076 3712 1230 3775 librorum
1288 3769 1290 3772 .

219 3814 340 3875 auxilio
354 3813 409 3872 vix
423 3813 543 3894 aliquid
558 3813 673 3872 tentari
686 3831 779 3893 posse
793 3809 933 3878 videtur.
956 3815 1050 3876 Plura
1067 3818 1153 3878 enim
1162 3839 1231 3880 ver·

218 3920 259 3981 ba
275 3918 473 3986 exciderunt,
493 3905 677 3996 quibuscum
697 3916 867 3976 coniuncta
887 3917 1060 3980 haerebant
1077 3920 1232 4003 fragmina
1265 3929 1267 3933 ‘

219 4024 285 4094 itta,
309 4021 593 4109 quaelSoholiastes
608 4018 739 4078 Pindari
756 4024 966 4091 conseruauit.
1010 4024 1145 4085 Sensum
1165 4047 1232 4088 ver·

211 4126 337 4196 ‚borum
356 4123 483 4185 illorum
494 4121 638 4205 Χαρίτων
654 4124 779 4202 μέλημα
795 4129 955 4207 praeclare
971 4131 1123 4212 explicuit
1139 4132 1233 4192 Hem·

1111 4238 1233 4321 htterb.
1333 4287 1339 4298 .
