2859 4934
264 244 477 328 Comment.
506 246 553 326 de
579 252 706 328 metris
730 245 888 327 Pindari.
923 242 961 324 P.
984 270 1017 327 1.
1080 270 1153 344 ¹91
1188 210 1190 225 Ι

146 438 285 521 eychiue.
334 437 450 520 Neque
471 458 582 522 p.377.
611 440 647 502 iu
675 438 796 502 Catulli
823 449 1002 519 aeynarteto
1021 436 1157 520 Priapeo

148 544 300 626 scaligeri
325 545 531 631 mutationem
556 544 647 626 sequi
671 542 844 616 debebam..
867 540 925 605 eed
949 558 1022 603 cum
1044 541 1156 606 Voeeio

146 650 351 712 scribendum
371 663 453 730 erat,

168 755 171 761 '
259 772 357 812 crura
376 751 536 830 ponticuli
554 750 673 813 assulis
696 751 817 812 stantis
836 748 1040 810 irrediuiuus.

145 855 198 918 Ob
223 841 432 939 eamdemque
456 874 599 918 causeam
622 874 748 918 cereum
770 854 877 916 Alcaei
902 853 988 936 apud
1010 851 1156 936 Hephae·

143 963 285 1027 etionem
304 984 337 1044 p.
350 981 398 1036 51.

313 1059 450 1146 τᾶρμενα
467 1060 595 1144 λαμπραὶ
614 1058 698 1124 κέατ’
718 1059 753 1122 ἂν
772 1057 943 1145 μυρσινῇῳ.’

143 1179 333 1247 corruptum
354 1181 448 1247 puto,
476 1169 532 1248 qui
552 1171 645 1247 quum
662 1178 859 1245 aoynartetue
879 1167 922 1226 eit
941 1182 960 1225 e
976 1165 1154 1245 penthemi-

143 1288 234 1330 mere
251 1269 404 1348 dactylico
422 1284 515 1350 atque
532 1271 685 1344 iambico,
706 1288 775 1332 non
792 1269 898 1353 potuit
915 1271 1039 1349 κέαται,
1067 1271 1154 1355 quod

143 1395 168 1436 u
185 1373 285 1438 breue
303 1373 416 1449 habet,
438 1373 593 1438 adhiberi.

620 1593 682 1662 lv.

383 1748 442 1849 De
473 1769 618 1816 numero
653 1743 915 1818 vocabulorum.

217 1900 402 1971 Praeterea,
432 1918 529 1980 quum
554 1898 590 1959 in
615 1897 694 1960 duce
721 1919 830 1960 versus
857 1897 1074 1961 distrahuntur
1093 1917 1170 1969 ver

139 2006 274 2079 cabula,
290 1989 401 2068 ‘etiam
427 2018 597 2071 numerus,
627 2003 739 2081 quiin
765 2005 842 2085 ipsis
870 2005 1030 2066 vocabulis
1054 2007 1148 2076 incer,

94 2108 99 2117 ’
140 2123 234 2173 cuam
258 2112 323 2172 vim
344 2109 447 2170 habet.
504 2103 612 2185 Quem
635 2105 708 2167 licet
735 2107 846 2170 Graeci
872 2120 985 2188 poetae
1012 2127 1080 2170 nou
1104 2110 1149 2171 ita

140 2217 319 2288 ceruariut,
349 2228 386 2275 vt
411 2206 493 2289 apud
517 2207 678 2270 Romanos
701 2211 745 2280 ii,
778 2213 832 2293 qui
855 2211 976 2273 fabulas
1001 2211 1148 2284 docuere,

140 2338 294 2401 magnam
320 2332 424 2378 tamen
457 2307 560 2372 cu'rara
587 2311 798 2372 adhibendam
831 2315 1067 2390 existimarunt,
1104 2334 1148 2377 ne

143 2413 225 2484 eum'
248 2422 344 2502 plane
365 2416 524 2481 obscurari
546 2427 638 2494 atque
657 2415 845 2477 intercidere
868 2432 1060 2498 paterentur.
1109 2421 1149 2480 ln

141 2546 208 2607 qno
222 2535 339 2609 genere
356 2525 384 2586 ei
396 2520 522 2604 quaudo
534 2520 779 2601 negligentiores
793 2519 934 2593 fuerunt,
944 2524 1028 2603 quod
1042 2527 1148 2585 omni·

140 2630 205 2692 bue
227 2630 367 2691 omnium
384 2627 536 2708 gentium
565 2625 667 2706 poetic
694 2623 824 2696 accidit,
855 2626 880 2685 ii
907 2627 970 2687 loci
995 2629 1031 2686 in
1057 2630 1148 2692 vitiic

140 2734 338 2796 numerandi
358 2744 450 2802 eunt,
473 2747 580 2809 neque
596 2746 634 2789 eo
650 2727 775 2797 valent,
796 2740 833 2789 vt
849 2728 886 2790 ad
906 2728 1147 2795 defendendum
1177 2783 1207 2801 .,

140 2837 320 2899 criticorum
352 2836 496 2896 inertiam
528 2832 747 2913 exemplorum
779 2831 844 2892 vim
876 2832 1021 2899 habeant.
1083 2838 1148 2901 Hic

139 2943 230 3003 euim
251 2958 421 3011 numerus,
458 2939 578 3017 inquo
599 2938 739 2998 maxima
761 2940 916 3000 sermonis
939 2941 1146 3021 perspicuitas
1243 2918 1246 2923 ’

139 3044 475 3129 pronunciationiaque
488 3023 641 3124 elegantia
656 3038 846 3109 continetur,
855 3042 950 3102 etiam
959 3045 994 3104 in
1003 3046 1147 3108 vercibna
1222 3078 1227 3083 ·

84 3182 91 3193 ·
138 3149 314 3230 diligenter
330 3144 546 3209 obseruaudns
565 3158 627 3206 eet:
658 3158 722 3224 quo
739 3142 882 3222 neglecto
901 3145 944 3205 ita
965 3147 1146 3230 discerpun·
1189 3124 1191 3129 Ι

137 3264 192 3312 tur
214 3270 249 3311 ac
270 3252 448 3311 lacerantur
475 3249 646 3319 vocabula,
672 3259 708 3306 vt
734 3247 827 3333 etiam
849 3248 886 3308 iu
911 3250 1146 3332 religiosissima

136 3372 307 3416 menturae
328 3353 501 3414 subtilitate
521 3354 576 3413 vix
605 3351 743 3431 intelligi
770 3365 897 3429 queant.
951 3355 988 3414 ld
1013 3357 1147 3420 maxime

135 3457 175 3519 in
195 3457 322 3519 comicis
340 3455 463 3516 Latinio
481 3455 735 3520 animaduertere
750 3455 842 3528 licet,
865 3475 944 3534 quoe
958 3472 1034 3519 ante
1049 3461 1145 3541 Bent-

135 3559 238 3621 leium
260 3558 317 3638 qui
342 3559 500 3642 corrigere
529 3562 638 3622 conati
662 3572 758 3632 eunt,
791 3560 817 3620 ii
847 3579 900 3622 eoe
927 3553 1145 3628 sordidissima

135 3660 291 3725 foeditate
311 3648 585 3734 contaminarunt,
610 3663 647 3724 iu
667 3662 772 3740 iisque
792 3646 863 3742 lpee
884 3663 931 3725 M.
946 3667 1017 3731 Ant.
1035 3669 1145 3733 Mure·

134 3778 206 3843 tue,
235 3765 332 3826 homo
357 3766 624 3846 elegantissimus,
654 3765 711 3844 qui
733 3764 849 3844 quibua
870 3771 1035 3833 tormentis
1055 3771 1145 3835 Puu·

133 3883 206 3931 tum
230 3870 435 3940 distenderit,
469 3869 719 3932 luculentissima
749 3860 938 3934 documenta
961 3888 1085 3938 exstant
1107 3879 1145 3939 in

132 3973 202 4040 eiua
224 3974 321 4038 variie
339 3974 530 4037 lectionibue
545 3973 582 4052 V,
590 3976 620 4039 6.
639 3973 765 4049 XV,13.
786 3974 868 4050 XVl,
880 3994 928 4055 ¹4·
1083 4063 1145 4130 sed
1191 4034 1197 4039 .
