2859 4934
275 427 329 522 46
669 422 890 521 Fragmenta

275 622 339 726 ΙΙΙ.
388 600 644 721 Προοῷδοον
668 615 880 717 Δελφοῖς
911 614 1102 720 γραφέν.
1154 624 1291 714 (p.31.)

358 771 466 835 Schol.
481 767 613 831 Pindari
636 768 675 828 ad
689 759 783 830 Nem.
795 768 860 837 Vll,
872 785 922 845 94.
943 765 1080 831 καθόλου
1099 766 1159 853 peip
1175 726 1293 836 α’πολο-

164 905 168 912 ·
272 871 396 951 γοῒοθοο
411 869 555 950 βούλεται
569 868 637 954 rrspl
663 868 718 933 τοῦ
733 862 954 946 1ΝέοονολέμοοΙ
966 870 1103 935 θανάτου
1120 873 1201 956 προς
1220 876 1293 945 rede

272 975 449 1057 Αἰγινήτας·
483 976 593 1036 ἐκεῖνον
613 969 673 1054 peip
689 967 815 1054 ᾑτοῶντο
833 970 887 1035 τον
907 970 1071 1060 Πίνδαρον,
1091 971 1138 1043 ὅτι
1156 977 1292 1065 γροίφοον
1321 1025 1322 1028 ¹

272 1077 412 1161 Δελφοῖς
428 1073 618 1141 titillantes
631 1071 708 1157 ἔφη·
748 1152 750 1156 .

497 1174 771 1284 Ἀμφοπόλοιοο
799 1174 1034 1283 μαρνάμενον

496 1299 638 1405 μωρίαν
662 1297 750 1404 περὶ
777 1297 904 1400 τιμοίν.

271 1418 461 1494 insinuem
479 1426 534 1494 τον
553 1428 777 1506 Νεοπτόλεμον.
813 1432 856 1490 ita
882 1432 971 1492 onim
991 1432 1185 1514 legendnm,
1216 1458 1289 1500 non

271 1538 393 1618 μορίαν,
416 1548 450 1594 vt
464 1533 502 1596 in
520 1534 614 1596 editis
630 1548 698 1604 est;
720 1531 775 1610 (cf.
789 1532 847 1596 inf.
864 1535 1014 1604 Paeones,
1029 1539 1052 1598 Ι.
1070 1540 1130 1601 snb
1146 1538 1187 1618 l.)
1214 1563 1288 1603 curn

271 1634 502 1721 Neoptolemus
515 1659 587 1701 cum
600 1638 780 1699 sacrificulis
795 1640 1070 1705 circumstantibus
1083 1643 1125 1706 de
1139 1646 1288 1708 carnium

271 1741 496 1803 distributione
513 1742 731 1812 contenderet,
757 1743 813 1803 vbi
829 1745 897 1825 ipse
917 1762 957 1827 esp
971 1750 1129 1809 sententia
1149 1751 1288 1812 Pindari

270 1849 393 1910 occisus
414 1843 484 1906 fuit.
526 1844 613 1905 Rern
629 1859 735 1905 narrat
754 1848 893 1908 breuiter
908 1850 978 1930 ipse
997 1865 1091 1929 poeta
1112 1850 1205 1915 Nem.
1217 1855 1286 1917 Vll.

269 1951 439 2012 ubimulta
454 1949 550 2010 habet
568 1934 774 2022 Selioliestes,
796 1974 835 2014 ex
854 1973 917 2034 quo
932 1967 1037 2015 toturn
1058 1952 1154 2017 huius
1171 1958 1288 2017 carmi·

267 2056 321 2117 nis
334 2067 557 2135 argumentum
578 2055 735 2115 coniicere
747 2055 832 2116 licet.
874 2055 994 2137 Delphi
1007 2056 1131 2117 scilicet
1145 2058 1287 2142 indigne

269 2161 413 2222 tulerunt
434 2157 565 2218 caedem
585 2158 811 2241 Neoptolemi,
843 2157 1001 2238 adipeam
1022 2151 1181 2240 Apollinis
1203 2163 1284 2225 Del·

267 2263 355 2348 phici
374 2281 457 2322 aram
472 2260 597 2324 factam.
640 2261 859 2344 Sepeliuerant
877 2283 954 2324 eum
969 2262 1009 2323 ab
1020 2263 1116 2325 initio
1130 2267 1190 2328 sub
1202 2260 1284 2330 tem·

229 2417 231 2421 .
267 2371 315 2453 pli
330 2368 461 2440 limine3
482 2383 591 2447 postea
607 2385 684 2427 vero
700 2387 719 2428 a
734 2367 884 2430 Menelao
901 2370 986 2429 intra
1003 2368 1109 2450 ipsum
1123 2374 1284 2454 templum

266 2473 456 2534 translatum
484 2468 548 2530 fuit
573 2489 705 2551 corpus,
732 2472 788 2530 vbi
813 2467 938 2543 ἔενοόν,
966 2468 1139 2546 festormn,
1162 2475 1281 2556 quibus

266 2579 380 2660 Apollo
400 2560 606 2658 quoscunque
615 2574 732 2635 'heroas
748 2576 836 2655 quasi
850 2574 987 2636 innitare
1002 2576 1136 2646 solebat,
1150 2598 1281 2658 praeses
1309 2610 1311 2623 =

265 2679 495 2762 Neoptolemus
514 2693 580 2740 erat
594 2678 801 2747 constitutus,
822 2696 896 2749 seu,
917 2681 1188 2758 quemadmodum
1201 2683 1279 2744 Pin·

265 2786 358 2847 darus
378 2785 424 2846 ait
441 2783 534 2844 Nem.
545 2779 610 2850 Vll,
620 2779 671 2856 69.
688 2775 874 2854 &spirenses
887 2778 1010 2863 ἠροίοιιο
1027 2789 1168 2860 πομπαῖς
1181 2788 1281 2849 noiv-

188 2932 191 2936 Δ
264 2887 376 2958 δύαις.
419 2884 578 2968 Suspieari
594 2881 671 2942 hinc
690 2882 776 2954 licet,
797 2884 948 2965 seriptum
967 2886 1039 2958 hoc,
1061 2888 1148 2968 quod
1164 2904 1277 2952 tracta·

264 3013 355 3065 mus,
377 3007 538 3051 carmena
557 2987 712 3059 Pindaro,
743 3001 778 3047 vt
799 2987 858 3046 hac
880 2987 989 3056 ξενίων
1008 2990 1216 3055 sollennitate
1238 2998 1276 3058 ln

261 3096 388 3158 leudem
408 3112 482 3154 cum
505 3091 681 3172 Apollinis,
715 3104 786 3150 tum
802 3093 988 3172 praesertim
1008 3092 1107 3174 ipsius
1131 3093 1275 3178 Neopto·

217 3268 218 3272 ,
262 3200 339 3262 lemi
357 3211 547 3258 cantaretur.
591 3195 749 3256 Firmatur
766 3197 962 3275 aliquantum
983 3197 1062 3258 haec
1087 3201 1275 3263 coniectura

218 3351 220 3356 .
261 3325 302 3367 ex
321 3301 458 3364 Scholiis
477 3299 517 3360 ad
535 3298 699 3373 Nem.Vll,
713 3319 781 3373 ¹50·
800 3296 816 3358 ὀ
836 3299 869 3361 δὲ
884 3297 1113 3383 Ἀμοοόδημοο,
1132 3297 1181 3364 i'rt
1193 3325 1275 3382 μεμ-

261 3406 356 3488 φθεὶς
375 3401 436 3467 v'rro'
456 3403 627 3485 Αἰγινητῶν
650 3402 699 3465 irrl
721 3400 766 3483 egi
781 3400 1075 3481 tenerrimarum
1094 3405 1196 3469 εἰπεῖν
1218 3407 1275 3472 τον

260 3509 475 3582 Νεοπτόλεμον
493 3506 542 3568 lrrl
567 3506 720 3589 ἱεροσυλίᾳ
744 3504 928 3585 ἐληλυθέναι
953 3509 997 3575 sle
1024 3505 1187 3588 Δελφοος,
1219 3511 1275 3574 νῦν

157 3616 160 3622 '
256 3608 359 3696 ὥσπερ
376 3611 575 3686 deols-peirac
590 3606 692 3672 strete.
746 3608 907 3688 Tempore
925 3609 1024 3689 igitur
1041 3616 1202 3693 posterius
1223 3629 1273 3678 est

258 3718 321 3779 hoc
340 3713 511 3799 Ilpestp'dtov
527 3733 583 3775 seu
598 3711 710 3785 Παιοίν,
738 3711 760 3774 i.
773 3729 800 3772 e.
817 3726 888 3793 post
901 3711 1028 3796 Olymp.
1039 3717 1174 3781 LXXIX.
1194 3721 1271 3781 scri.

257 3835 362 3904 ptum,
383 3822 418 3879 iu
434 3836 530 3898 quam
549 3814 662 3875 incidit
676 3833 715 3876 ex
734 3816 852 3879 calculo
872 3816 1002 3885 Cossini
1016 3819 1150 3881 Dissert.
1165 3822 1283 3904 Agon,

252 3942 288 4008 p.
301 3946 349 4000 5²·
371 3922 504 3985 victoris
522 3919 656 4001 Sogenis
679 3937 697 3977 a
714 3917 861 4012 Pindaro.
871 3918 1028 3982 Nemeaea
1042 3923 1108 3983 Vll.
1133 3941 1269 3992 cantata.

257 4028 429 4092 Historiam
445 4024 665 4107 Neoptolemi,
688 4011 723 4083 'et
734 4021 924 4090 narrationis
942 4021 983 4083 de
1005 4041 1106 4089 morte
1126 4031 1195 4093 eius
1218 4054 1270 4094 va·

255 4136 401 4198 rietatem
418 4131 546 4215 copiose
562 4142 595 4191 et
611 4127 721 4200 docte,
742 4139 780 4192 vt
796 4126 897 4199 solet,
921 4127 1072 4212 explicuit
1089 4132 1211 4197 Becher
1227 4138 1269 4199 de

387 4250 390 4255 “
1112 4238 1270 4306 Meziriac
