2859 4934
326 457 411 536 330
689 433 740 515 G.
764 433 976 520 Hermauui

322 625 431 691 cundo
452 631 557 686 amore
576 619 642 685 frui
663 625 814 707 contigit,
841 628 882 690 ad
902 648 959 693 eos
980 631 1204 723 transiturus,
1225 639 1313 721 quiin

320 731 413 796 felici
432 735 541 792 amore
558 727 703 810 impediti
720 733 883 795 saeuitiam
901 737 1109 801 necessitatis
1130 743 1314 823 experiuntur,

321 858 392 902 non
405 836 493 899 addit
510 833 676 915 epitheton
689 837 870 899 necessitati
883 840 982 912 aliud,
998 861 1105 922 quam
1118 844 1246 926 ἑτέραις,
1260 853 1317 931 'quoi

252 925 255 929 ’
322 963 392 1005 non
416 941 509 1002 modo
528 958 596 1000 non
618 939 886 1025 languidumest,
914 945 974 1006 sed
995 949 1121 1028 quouis
1140 949 1207 1011 alio
1222 949 1317 1018 fortius.

322 1045 404 1109 Nam
435 1064 536 1126 quum
566 1042 719 1119 iucundis
754 1045 932 1110 iniucunda
960 1066 1214 1131 opponuntur,
1251 1058 1318 1142 hage

320 1152 474 1212 maiorem
495 1147 563 1206 vim
586 1145 625 1205 ad
647 1148 792 1209 animum
816 1154 1099 1216 commonendum
1125 1156 1164 1216 id
1185 1156 1320 1233 hahet,'si

319 1238 494 1316 iniucunda
515 1251 581 1312 sola
602 1250 813 1318 iucunditatis
835 1256 1053 1332 detractione,
1078 1278 1182 1340 quam
1200 1264 1230 1324 si
1245 1283 1319 1330 acce·

320 1360 420 1438 sione,
438 1356 557 1419 doloris
583 1354 789 1421 definiuntur.
843 1361 947 1423 Dolor
968 1365 1064 1424 enim
1086 1383 1194 1444 quum
1216 1387 1319 1433 conus

321 1477 481 1528 moratur,
502 1459 597 1518 habet
622 1456 764 1530 animus,
787 1459 907 1540 inquo
928 1470 1116 1541 consistat,
1130 1469 1171 1529 in
1188 1489 1250 1550 quo
1268 1492 1319 1534 coa

318 1565 505 1650 templaudo
520 1564 714 1642 acquiescat,
738 1565 828 1625 cuius
845 1571 1101 1649 magnitudinem
1125 1586 1224 1655 atque
1244 1578 1319 1638 ambi·

319 1684 391 1734 turn
414 1657 594 1732 emetiatur:
624 1682 723 1766 quuns
746 1682 852 1728 autem
875 1673 963 1734 idem
983 1676 1081 1736 dolor
1107 1665 1180 1739 sola
1200 1680 1319 1762 volupta·
1353 1697 1356 1792 p

317 1775 360 1838 tis
379 1773 556 1835 omissione
577 1769 783 1841 describitur,
809 1773 893 1834 nihil
910 1792 1027 1851 restat,
1047 1779 1120 1842 nisi
1142 1783 1233 1857 eius,
1252 1787 1316 1867 qnod
1354 1803 1356 1829 ¹

315 1891 408 1941 antea
436 1877 575 1938 animum
597 1872 790 1946 oblectabat,
824 1875 1039 1952 desiderium,
1070 1899 1110 1945 et
1138 1891 1316 1960 mens‚·rhi

315 1982 406 2044 nihil.
423 1979 556 2060 amplius
584 1991 702 2039 certum
730 1980 779 2038 ac'
793 1981 905 2041 stabile
926 1983 1072 2048 relictum
1087 2006 1176 2066 est,
1198 1995 1315 2070 vinculis

211 2135 214 2142 .
315 2084 463 2148 omnibus
481 2085 582 2146 soluta
607 2083 701 2163 longe
722 2084 848 2164 lateque
864 2101 1013 2168 vagatur,
1037 2109 1074 2151 ac
1099 2091 1221 2160 frustra
1239 2099 1314 2161 finem

314 2194 473 2270 quaerens
498 2188 590 2250 velut
614 2205 672 2266 per
693 2188 885 2249 immensum
912 2193 1075 2269 quoddam
1106 2200 1209 2264 inane
1234 2203 1313 2264 conti·

313 2310 382 2354 nuo
403 2289 538 2351 celerius
558 2289 744 2373 proripitur.
785 2291 834 2352 Δι’
848 2312 924 2356 vero
946 2313 983 2356 ea
1009 2299 1061 2358 vis
1082 2320 1159 2362 non
1186 2304 1311 2367 aliteriu

314 2397 372 2459 illu
394 2395 514 2476 eripete
526 2396 627 2464 inest,
647 2395 724 2455 'nisi
743 2395 771 2455 si
794 2406 829 2456 ea
854 2418 922 2470 res,
946 2402 987 2460 de
1009 2421 1073 2482 qua
1088 2405 1182 2465 'illud
1202 2409 1310 2480 dicitur,
1350 2404 1352 2409 ’

250 2549 253 2556 .
314 2520 387 2562 eam
405 2502 469 2561 vim
486 2518 553 2561 non
568 2497 730 2560 debilitat:
757 2499 842 2578 quod
858 2499 938 2562 foret
955 2505 988 2562 in
1006 2508 1169 2580 manibus,
1192 2533 1310 2594 quarum

312 2602 366 2664 hic
387 2617 573 2683 perangusta
596 2616 628 2663 et
651 2602 690 2662 ab
716 2605 803 2664 omni
827 2607 1027 2686 cogitationis
1051 2611 1203 2676 libertate
1226 2620 1309 2679 aliens

210 2774 212 2777 ,
312 2706 501 2788 significatio
517 2718 574 2768 est.
616 2707 765 2768 Manibus
782 2709 870 2804 enirn
888 2712 916 2771 si
933 2729 999 2773 non
1015 2715 1198 2778 mulcemur
1216 2735 1247 2780 et
1259 2722 1308 2802 pal·
1353 2731 1356 2768 ῑ

311 2831 440 2892 pamur,
468 2809 545 2888 quid
567 2823 680 2881 restat,
711 2811 774 2871 nisi
796 2813 892 2873 iissvt
916 2814 1135 2897 perfricemur
1160 2838 1193 2881 et
1220 2824 1308 2884 caeda·

310 2913 407 2976 muri
458 2912 525 2973 Alia
543 2931 594 2973 res
615 2927 662 2975 est
684 2914 720 2973 in
741 2912 946 2990 necessitate,
975 2940 1054 2999 quae
1077 2924 1155 2999 quia
1176 2925 1245 3004 ipsa
1262 2947 1307 3006 per

238 3068 241 3075 .
309 3037 345 3080 se
366 3018 517 3099 quiddam
543 3031 607 3087 est,
645 3017 736 3078 cuius
757 3019 916 3080 infinitam
936 3022 1000 3083 vim
1022 3025 1221 3105 cogitatione
1240 3049 1307 3090 com·

307 3122 507 3204 prehendere
527 3139 615 3181 mens
630 3118 766 3181 humana
780 3140 848 3183 non
867 3141 988 3206 potest,
1010 3149 1049 3191 eo
1065 3132 1169 3210 magis
1187 3147 1308 3214 augetur

308 3224 492 3295 admiratio,
524 3224 552 3283 si
578 3242 646 3285 nun
676 3239 759 3285 certa
788 3232 955 3307 quaedam,
989 3233 1046 3294 sed
1068 3235 1206 3296 omnino
1228 3230 1307 3316 quae

308 3329 383 3388 dam
403 3329 599 3399 necessitas,
612 3348 693 3410 quae
709 3330 810 3410 qualis
825 3335 866 3393 sit
883 3336 1014 3407 nescias,
1031 3327 1306 3404 commemoratur.

306 3433 352 3502 Ita
372 3432 545 3512 Aeschylus
567 3433 601 3493 in
623 3433 753 3514 Septem
774 3450 881 3495 contra
900 3435 1002 3499 Theb.
1020 3458 1080 3517 979
1102 3457 1135 3502 et
1150 3460 1226 3522 991,

397 3560 400 3568 ·
440 3534 569 3610 μέλαιναί
588 3535 616 3598 r'
636 3532 769 3617 Ἐρινύς,
789 3525 813 3618 ἦ
832 3535 1022 3621 μεγασθενής
1041 3566 1087 3612 τις
1108 3539 1152 3624 si,

307 3641 362 3720 qui
384 3643 502 3702 omisso
521 3637 569 3705 τὶς
587 3640 737 3712 nonnisi
758 3641 884 3712 Furiae,
902 3662 1000 3721 quam
1021 3647 1141 3712 ecimus
1160 3653 1241 3733 quid
1258 3651 1308 3725 sit,

291 3743 468 3820 ingentem
490 3761 559 3802 esse
574 3745 751 3822 potentiam
767 3745 914 3823 dixissen
946 3747 1055 3811 addito
1070 3769 1180 3816 autem
1202 3757 1242 3815 ad
1262 3759 1308 3816 im·

306 3864 452 3905 mensum
472 3845 557 3905 auxit
572 3847 619 3905 rei
634 3848 895 3928 magnitudinem,
918 3872 1015 3932 quum
1032 3856 1170 3938 demptis
1187 3860 1307 3930 finibus,

207 4023 217 4037 ,
272 3976 275 3980 ·
306 3947 421 4028 quibus
439 3948 548 4009 Furiae
564 3965 707 4011 naturam
731 3954 1054 4037 comprehendimus,
1071 3961 1230 4040 quiddam
1249 3981 1308 4025 este

304 4051 401 4120 dixit,
433 4052 519 4128 quud
539 4054 601 4114 hoc
626 4076 691 4118 vno
720 4073 978 4140 cognosceretur,
1011 4069 1098 4142 quod
1124 4083 1307 4149 praepotens

303 4167 395 4219 esset.
439 4153 607 4220 Caeterum
622 4159 782 4225 Pindarus
801 4179 870 4222 non
887 4182 967 4245 opus
984 4184 1053 4229 esse
1072 4175 1160 4234 ratus
1185 4187 1249 4246 est,
1268 4186 1306 4244 vt,

1209 4297 1305 4360 quera·
