2859 4934
317 418 403 498 ³194
580 474 583 479 ,
674 397 723 478 G.
755 396 962 514 Hermann}

316 591 428 672 anue
448 584 620 652 verborum
641 587 891 652 diuidendorum
914 590 1015 665 ratio,
1044 605 1080 655 vt
1099 615 1160 678 prr
1180 611 1245 673 est,
1267 598 1316 663 ire·

316 696 527 780 ¹quentirrsime
552 707 729 774 usurpatur.

400 801 559 882 Reliquae
584 818 697 860 omnes
719 797 841 880 parcius
867 797 1076 869 adhibentur,
1102 818 1185 880 quae
1205 805 1319 869 suntin

316 905 358 968 iis
377 906 540 975 versibus,
564 922 702 984 quorum
721 903 878 986 posterior
895 905 935 965 ab
954 905 1100 965 anacrusi
1118 906 1242 986 incipit.
1278 911 1318 972 lt·
1346 960 1354 977 .

316 1030 382 1093 que
407 1006 520 1071 ex'his
546 1008 639 1067 etiam
661 1024 727 1088 quo
752 999 1087 1087 quae'que'durior'est
1111 1022 1144 1068 et
1160 1014 1318 1087 molestior,

318 1133 358 1177 eo
373 1114 473 1174 rarius
493 1111 669 1173 inuenitur.
713 1110 827 1170 Earum
850 1109 912 1170 duo
934 1130 1053 1192 genera
1073 1129 1161 1186 sunt,
1185 1119 1318 1196 primun,

319 1220 349 1283 si
369 1220 458 1302 prior
477 1234 587 1279 versus
610 1214 647 1272 in
669 1215 733 1277 arsi
754 1216 954 1288 terminatur,
977 1216 1188 1292 alterum,‚si
1212 1221 1247 1282 in
1265 1221 1320 1285 the·

246 1306 248 1311 ¹
317 1323 370 1385 sin
392 1322 469 1383 exit.
1139 1342 1141 1347 ·

401 1427 505 1506 Atque
531 1421 569 1484 in
590 1413 697 1504 priore
720 1442 838 1505 genere
859 1422 939 1484 duae
960 1440 1148 1488 occurrunt·
1161 1429 1333 1503 vocabulo·¹

315 1550 386 1592 rum
402 1517 597 1597 diuisiones,
619 1547 749 1606 quarum
768 1529 868 1609 prima
886 1542 951 1599 est,
970 1549 1067 1610 quum
1094 1551 1166 1612 pars
1187 1534 1319 1595 vocabuli

317 1655 337 1697 e
359 1637 467 1717 priore
489 1651 584 1695 versu
608 1631 789 1693 redundans
804 1652 872 1693 non
892 1632 985 1694 modo
998 1617 1179 1699 'anacrusin
1198 1659 1318 1720 sequen·

315 1740 358 1800 tis
384 1757 512 1807 versus,
541 1734 597 1797 sed
626 1736 718 1797 etiam
745 1738 851 1797 thesin
874 1740 1119 1821 complectitur,
1140 1756 1178 1804 vt
1202 1745 1238 1806 in
1256 1745 1317 1819 hot,

316 1842 404 1921 quod
427 1842 525 1919 vulgo
548 1840 662 1918 legitur
684 1839 776 1907 Nem.
790 1841 828 1909 X,
843 1847 894 1907 80.

428 1938 657 2025 Σικυωνόθε
677 1933 711 2023 ti'
735 1940 904 2050 α’ργυρω-
944 2006 948 2013 -
1018 2021 1020 2024 ⁴

478 2062 618 2144 θέντες
643 2062 708 2144 criu
735 2067 888 2170 οἰνηραῖς
912 2063 1075 2177 φιάλαις
1098 2065 1269 2162 ἐπέβαν..

314 2195 353 2256 lu
380 2211 443 2274 quo
466 2194 525 2254 etsi
548 2194 753 2279 incommoda
777 2198 813 2259 in
841 2182 944 2258 medio
968 2199 1246 2262 verbo-auacmsis
1265 2214 1312 2272 cst,

313 2278 410 2360 habet
429 2311 535 2373 tamen
554 2298 631 2360 haec
654 2302 772 2361 diuisio
792 2300 909 2380 aliquid
933 2303 1158 2376 excusationis,
1181 2304 1251 2385 quia
1268 2323 1312 2385 po·

313 2405 431 2467 eterior
455 2404 602 2465 vocabuli
625 2425 695 2487 pars
722 2424 789 2477 non
817 2418 863 2465 est
892 2404 983 2464 omni
1005 2424 1141 2466 numero
1168 2407 1311 2469 destitute.

314 2508 417 2569 Multa
436 2511 520 2569 enim
544 2510 634 2591 peior
659 2522 707 2572 est
730 2511 824 2570 altera
847 2508 982 2599 cinisio,
1003 2507 1039 2568 in
1059 2529 1121 2589 qua
1147 2527 1219 2592 pars
1234 2531 1308 2572 roca·

313 2613 383 2675 buli
398 2614 433 2674 iu
449 2627 635 2693 sequentem
650 2634 778 2675 versum
796 2616 937 2675 coniecta
953 2613 1068 2674 insola
1086 2618 1233 2680 anacrusi
1249 2635 1309 2678 con·

253 2788 256 2793 ¹
287 2696 291 2707 Ι
312 2717 414 2794 sistit,
434 2732 470 2780 vt
488 2718 524 2777 in
547 2716 624 2786 hoc,
648 2717 736 2796 quod
753 2718 851 2797 vulgo
872 2731 920 2779 est
940 2712 1158 2799 Pyrh.lll,'97.

478 2819 644 2925 ἔτραπεν
670 2815 841 2924 κᾴκεῖνον
864 2815 1019 2926 decimos
1039 2857 1102 2921 μι-

530 2940 620 3045 σθῷ
643 2936 777 3041 χρυσὸς
802 2945 843 3018 ἐν
868 2940 995 3046 χερσὶν
1018 2943 1161 3048 φανείς.

310 3062 395 3124 Nam
417 3062 527 3123 ultima
548 3064 666 3143 syllaba
691 3062 783 3122 verbi
807 3059 908 3144 μισθῷ
924 3069 1119 3137 non-solum
1141 3086 1199 3140 eo,
1233 3063 1307 3148 quod

311 3167 469 3228 anacrusis
488 3168 526 3227 iu
548 3166 696 3227 medium
713 3167 861 3228 vocabuli
880 3188 1046 3229 numerum
1069 3170 1247 3243 inducitur,
1268 3173 1308 3230 in·

205 3342 209 3351 Ι
309 3271 447 3332 iucunda
470 3285 534 3344 est,
557 3292 671 3333 verum
696 3273 790 3332 etiam
813 3273 908 3353 plane
929 3275 1061 3344 vitiosa,
1086 3277 1177 3354 quia,
1202 3278 1230 3338 si
1251 3274 1307 3355 qui·

309 3375 403 3447 dem,
434 3390 470 3437 vt
495 3380 559 3457 par
578 3390 644 3445 est,
678 3377 783 3436 solum
810 3379 959 3438 vocabuli
986 3397 1161 3439 numerum
1186 3391 1308 3458 spectes,

307 3479 470 3540 anacrusis
497 3480 552 3538 illa
584 3479 709 3560 nullam
746 3481 833 3544 arsin
867 3482 983 3558 habet,
1027 3488 1114 3564 quae
1150 3480 1310 3543 manifesta

306 3578 459 3665 οἷῤῥυθμίω
483 3596 540 3647 est.

321 3718 324 3727 ¹
359 3694 361 3700 '
389 3693 535 3757 Alterum
553 3717 654 3779 genus
676 3698 787 3761 diuisit
803 3718 888 3774 rum,
921 3698 958 3756 in
979 3716 1044 3776 quo
1063 3697 1174 3759 thesin
1200 3695 1310 3777 excipit

306 3798 486 3871 anacrusis,
513 3802 614 3864 etiarn
637 3805 786 3863 maiorem
811 3825 855 3883 p..
884 3820 998 3882 umque
1026 3802 1205 3862 molestiam
1227 3817 1312 3882 atquc

277 3958 280 3963 ,
306 3903 503 3981 asperitatem
519 3905 624 3971 habet.
655 3908 895 3969 -Vehementius
909 3910 994 3967 enim
1007 3927 1097 3967 aures
1112 3909 1312 3991 interruptio·

302 4023 377 4066 nem
393 4010 520 4069 numeri
535 4014 695 4084 sentiunt,
718 4014 801 4073 thesi
821 4012 990 4072 anacrusin
1006 4013 1227 4081 antecedente,
1249 4031 1314 4095 pro·

302 4123 411 4192 pterea
436 4113 541 4194 quod,
575 4116 650 4179 licet
677 4119 837 4180 anacrusis
862 4130 977 4178 natura
1006 4135 1061 4178 sua
1091 4137 1166 4200 pare
1193 4119 1316 4178 theseos
1353 4144 1354 4161 κ

1216 4240 1317 4284 curus·
