2859 4934
306 448 363 504 κο
706 421 929 525 fragmenta

306 613 420 677 landes
434 611 656 688 admiserunt.)
683 613 778 677 Solus
790 616 844 676 hic
857 615 991 697 ingenii.
1012 613 1098 696 quod
1112 615 1221 677 sentio
1233 635 1310 696 quan

308 722 351 784 sit
366 721 541 801 exiguum,
564 720 740 780 discrimen
760 721 869 782 subire
890 740 1002 801 nugor,
1030 741 1101 780 curn
1117 723 1182 780 viri
1196 722 1311 791 summi

309 825 408 887 lsaaci
427 823 627 893 Casanboni.
648 826 791 886 sollertia
816 827 966 886 lectorem
981 826 1016 884 in
1029 825 1109 885 locis
1126 823 1311 886 difficillimis

312 929 476 990 destituat.
519 929 620 989 Versu
642 943 749 990 tamen
765 930 905 992 oecundo
918 943 1004 990 tecte
1017 929 1312 1008 vitmagnueerner·

313 1035 456 1095 dandum
474 1035 601 1094 monuit
621 1033 703 1096 δεῦτ’
715 1036 760 1104 ἐς.
783 1034 841 1096 sed
856 1031 942 1115 quod
963 1031 1046 1092 idern
1060 1033 1174 1103 voluit,
1191 1031 1280 1114 κοριῖν
1291 1033 1313 1098 λι

312 1134 442 1212 σι’γέλκν,
460 1148 495 1195 vt
508 1135 685 1217 iungantur
697 1133 793 1208 ἄλσος
805 1153 838 1198 et
849 1135 1052 1212 ὲκοσδγγυιον,
1074 1138 1225 1218 quoniam
1244 1155 1312 1216 gras

315 1261 393 1302 cum
410 1232 468 1301 vix'
484 1240 622 1313 viderur,
643 1243 820 1325 approbare
836 1244 925 1304 nulle
940 1244 1062 1304 ratione
1074 1261 1216 1324 possum.
1245 1240 1313 1302 Cou-

314 1344 474 1408 nectenda
497 1346 606 1427 potius
632 1362 709 1408 sunt
727 1344 845 1420 οἱγδλοιν
866 1347 958 1430 κοροῖν
980 1343 1181 1420 ἑκατόγγυιον,
1214 1344 1313 1423 quibus

315 1451 425 1513 verbis
442 1463 537 1531 poeta
561 1468 733 1509 numerum
751 1451 927 1532 puellarum
948 1449 1066 1510 Veneri
1081 1463 1314 1510 consecratarum

316 1555 477 1616 avietore
491 1553 706 1634 Xenophonte
726 1554 894 1637 designare
915 1555 1054 1614 voluisse
1066 1553 1215 1624 videtum
1235 1553 1315 1633 igitur

316 1656 482 1720 distinctio
498 1671 573 1737 post
591 1654 686 1728 οἶλσος
700 1660 842 1721 tollenda
856 1672 922 1730 est3
943 1656 1100 1719 secundus
1116 1658 1207 1717 euim
1223 1675 1315 1718 versus

318 1783 390 1825 cum
410 1761 507 1822 tertIo
530 1776 565 1822 et
586 1776 700 1842 quarto
717 1781 814 1824 sensu
833 1763 1048 1824 continuatur.
1111 1762 1213 1824 Versu
1226 1767 1254 1823 8.
1272 1759 1317 1823 ca-

317 1863 482 1927 saubonus
498 1864 647 1924 malebat:
669 1865 823 1946 ἐρατειναῖς
836 1859 916 1947 ὥροις
929 1863 1176 1951 μιλδοικιδσσροιι,
1199 1868 1252 1928 vel
1264 1867 1318 1948 lpa-

316 1968 419 2035 σοινοῖς
441 1964 528 2035 eduis
545 1964 787 2050 μαλθακώτερον
800 1967 862 2030 οἷσδ
875 1965 993 2055 κοιρσδν
1007 1984 1065 2033 etc.
1108 1951 1268 2049 Equidern
1287 1964 1319 2024 f·

319 2072 432 2133 ciliore
452 2089 548 2131 sensu
570 2071 723 2152 legerim:
749 2064 920 2148 υἶκοιΐδες,
939 2076 1108 2158 ἐρατειναῖς
1127 2068 1234 2141 adnuis
1254 2070 1321 2145 ρυλ-

226 2177 230 2183 ’
318 2170 420 2236 &undu
432 2167 513 2256 ὥρας
527 2172 590 2235 uiro*
602 2170 722 2257 κοιρσδν
734 2173 899 2258 δρέπεσθαι
912 2178 968 2240 συ’ν
980 2199 1016 2242 σε
1030 2176 1149 2257 οἰνοίγκᾳ
1164 2172 1215 2236 κοιλ
1229 2171 1322 2236 κοιλδν.

320 2277 437 2357 quibus
451 2275 578 2356 quidem
594 2280 700 2341 verbis
712 2295 812 2361 poeta
826 2284 912 2343 vitae
925 2301 1025 2364 genus
1043 2299 1191 2342 excusare
1206 2280 1323 2357 videtur

321 2381 418 2451 velle,
440 2382 492 2439 cui
504 2383 632 2462 puellae
648 2387 782 2448 seruitio
794 2389 926 2449 Veneris
941 2388 1105 2448 adstrictae
1120 2386 1324 2466 obsequebar·

322 2499 385 2547 tur.
439 2482 541 2544 Versu
563 2505 609 2550 rr.
632 2488 841 2556 casaubonus
863 2493 1037 2574 legendum
1061 2491 1192 2551 coniicit
1215 2475 1327 2562 Ἰσθμοῦ

323 2585 475 2652 δεσσδσοιι.
520 2587 707 2655 Corinthios
729 2597 885 2660 hocloco
911 2599 1048 2680 intelligi
1069 2598 1140 2678 ipse
1154 2594 1326 2656 Athenaeus

323 2694 441 2755 docuit.
484 2694 548 2757 Pro
564 2697 693 2779 vulgato
712 2698 826 2784 κιθιίροι
839 2702 926 2763 idem
945 2702 996 2761 vir
1012 2701 1125 2762 doctus
1140 2695 1283 2781 καθκρρῖ,
1304 2708 1328 2754 et
1353 2692 1359 2779 J

324 2800 432 2881 paullo
453 2814 545 2861 antea
565 2798 685 2868 λέξουσι
702 2823 761 2884 pro
781 2801 905 2875 λέξουσι
921 2805 1079 2876 restituit3
1103 2805 1225 2885 reliqua
1240 2802 1329 2863 verba

218 2911 221 2917 '
323 2915 438 2981 vtpote
462 2903 716 2984 corruptissima,
738 2908 909 2970 meliorum
928 2911 1088 2970 librorum
1104 2927 1164 2992 ope
1187 2905 1330 2968 feliciori·

324 3006 383 3066 bus
403 3008 542 3086 ingeniis
566 3010 704 3070 sananda
734 3012 881 3094 deposuit
901 3012 1127 3084 Casaubonus,
1161 3013 1253 3073 cuius
1280 3026 1331 3090 ego

326 3112 511 3190 exemplum
524 3112 687 3175 tutissime
700 3136 822 3196 sequar.
867 3118 940 3179 Non
954 3121 1120 3180 obscurum
1138 3115 1275 3198 quidem
1289 3125 1330 3173 est

325 3215 424 3274 verba
450 3212 578 3288 λιβάνου
594 3212 696 3284 faudo?
715 3217 831 3300 δοίιρυοι
848 3223 964 3285 referri
984 3225 1023 3286 ad
1041 3202 1245 3293 onorificium,
1265 3236 1331 3280 cum

327 3315 400 3376 thus
424 3317 459 3375 in
474 3336 525 3374 ara
540 3317 706 3393 adoletur3
740 3324 796 3384 sed
813 3329 964 3400 verbum,
985 3347 1048 3410 quo
1064 3328 1195 3390 adolitio
1218 3324 1331 3407 signid-

326 3433 425 3490 cetur,
449 3421 578 3479 nullum
594 3441 723 3504 apparet
743 3428 777 3486 in
797 3433 984 3511 corruptela.
1028 3432 1063 3493 Si
1078 3434 1213 3514 ματέρος
1228 3432 1265 3490 in
1279 3449 1333 3502 μυ-

322 3524 409 3602 σδρος
429 3526 610 3598 ιυιιῑυυεσίο,
631 3545 697 3590 tutu
713 3553 789 3593 vero
808 3538 953 3616 sequenti
974 3537 1176 3598 versu'etiam
1199 3529 1333 3612 οὐρανίοις

324 3638 357 3684 et
386 3622 708 3708 οδστδμενοιινοοίμοισι
738 3638 969 3700 restituendum
992 3642 1130 3702 videtur.
1193 3637 1332 3697 Verbum

324 3723 494 3810 οἱσοιγορίοιο
523 3729 605 3795 forte
630 3757 669 3796 ex
692 3737 748 3800 ἄπ’
768 3737 896 3826 draptes
925 3742 1032 3824 ἔπορεν
1059 3744 1242 3822 corruptum
1265 3736 1331 3798 fuit.

244 3838 248 3848 ⁴
325 3828 406 3890 Vide
426 3833 519 3893 etiam
535 3857 576 3896 an
597 3840 635 3898 ad
660 3842 919 3927 inuestiguntlam
941 3848 1088 3908 lectionis
1104 3842 1333 3906 veritatemali·

324 3935 400 4012 quid
421 3939 529 4016 profici
549 3945 649 4021 possit
669 3965 706 4003 ex
728 3949 935 4010 annotatione
954 3951 1062 4014 Photii
1081 3953 1115 4011 in
1136 3952 1254 4011 Lexico
1271 3951 1333 4008 iue-

325 4034 411 4107 diro,
437 4042 491 4119 qui
517 4041 556 4102 de
579 4067 656 4106 voce
678 4050 817 4122 λίβυνος,
831 4069 962 4117 monet:
997 4051 1137 4128 Λίβανον
1156 4053 1193 4117 οδ
1216 4050 1335 4134 δένδρον

322 4135 464 4219 θηλυκοῖς
482 4143 644 4230 Πίνδαρος.
666 4150 769 4217 Scan.
851 4141 853 4146 ’
1030 4141 1034 4147 ’

1233 4245 1333 4307 Versu.
