2859 4934
295 425 324 497 4
646 390 959 471 Praefatio.

295 614 513 700 videndum,
539 638 633 683 num
659 614 770 699 illud,
797 614 841 682 in
866 616 967 708 quod
996 613 1095 684 forte
1119 614 1314 702 incideras‚

294 744 550 842 fragmentum
573 743 649 812 iam
674 742 716 810 in
741 743 810 816 illa
835 746 1010 841 congerie
1033 745 1163 830 lateat,
1195 771 1316 838 quum
1358 768 1359 800 1

295 873 613 971 fragmentorum,
649 889 848 941 auctorum
874 891 911 940 et
943 874 1134 957 locorum,
1175 875 1314 966 promi·
1357 839 1359 917 i

297 1028 406 1076 scuae
430 1017 551 1072 essent
582 1001 683 1069 sedes
710 1019 749 1070 et
781 1001 823 1070 in
852 1002 1019 1072 diuersos
1050 1028 1225 1072 numeros
1262 1004 1315 1070 di·
1357 1024 1359 1087 ξ

297 1157 440 1228 sparsae
460 1129 681 1226 particulae:
718 1128 761 1197 in
787 1155 939 1200 recensu
967 1158 1098 1202 eorum
1121 1151 1158 1202 et
1184 1133 1314 1203 ordine

296 1286 406 1358 posse
429 1286 471 1332 ao
494 1259 627 1329 debere
650 1258 795 1352 aliquid
820 1285 842 1329 a
866 1287 928 1330 me
959 1263 1091 1332 nouari
1123 1261 1234 1331 facile
1259 1262 1314 1329 in·
1357 1300 1359 1313 ·

297 1390 440 1462 tellexi.
493 1394 650 1483 Operam
664 1387 792 1481 itaque
808 1389 904 1475 dedi,
929 1409 970 1459 rt
986 1390 1194 1489 fragmenta
1213 1410 1312 1461 certo

224 1582 230 1589 .
299 1520 460 1591 consilio
484 1519 528 1590 ad
545 1535 689 1590 certum
707 1519 878 1589 ordinem
902 1546 1115 1591 reuocarem
1139 1522 1315 1614 viamque
1356 1564 1359 1569 -

300 1649 514 1744 expeditam
539 1646 730 1716 redderem
750 1647 811 1734 iis,
838 1651 905 1743 qui
927 1651 1102 1743 posthaec
1113 1648 1315 1747 fragmenti

299 1778 458 1853 alicuius
480 1777 604 1848 sedem
629 1776 855 1875 inuestigare
880 1779 1033 1848 vellent.
1356 1761 1359 1772 ¹

399 2011 471 2111 Egi
496 2012 624 2108 itaque
649 2013 816 2083 maxime
838 2013 926 2099 hoc,
959 2032 1002 2082 vt
1026 2014 1233 2112 fragmenta
1258 2012 1314 2081 in·

299 2159 398 2215 certa
429 2165 497 2211 suo
528 2167 696 2236 quaeque
724 2145 887 2230 auctori,
927 2171 947 2215 a
978 2170 1055 2238 quo
1087 2170 1129 2214 ea
1161 2142 1314 2213 recitata

299 2289 406 2358 suut,
432 2270 574 2341 reddita
599 2271 771 2364 deinceps
798 2297 1039 2366 apponerem,
1075 2291 1158 2342 tum
1184 2289 1226 2340 vt
1252 2297 1314 2342 au-

299 2421 449 2474 ctorum
474 2400 645 2470 ordinem
673 2402 842 2496 aliquem
875 2405 921 2472 ad
952 2421 1166 2496 temporum
1201 2401 1313 2470 ratio·

299 2557 388 2602 nem
410 2531 643 2619 adhiberem,
669 2530 741 2600 snb
764 2528 879 2601 finem
902 2549 1028 2603 autem
1053 2532 1177 2602 libelli
1190 2556 1314 2601 recen·

298 2686 384 2731 sum
413 2677 610 2730 auctorum
633 2683 723 2729 curn
750 2684 883 2731 eorum
910 2663 1005 2733 locis
1036 2661 1313 2756 alphabeticum
1352 2728 1354 2733 .

297 2789 504 2861 adiicerem
557 2795 637 2884 Qua
657 2789 700 2857 in
721 2814 761 2859 re
785 2816 876 2884 quas
897 2793 1089 2863 molestias
1111 2793 1312 2863 deuoraue-

296 2918 389 3005 rim,
417 2918 550 2988 multis
575 2918 758 2988 declarare
783 2921 881 2990 nihil
901 2923 1056 3004 attinet3
1093 2920 1313 2992 admiratus·

296 3073 371 3144 que
386 3074 471 3118 sum
486 3046 644 3118 subinde
658 3046 822 3118 ferreum
835 3070 872 3120 et
883 3052 1115 3123 indomitum
1129 3051 1313 3138 studium,

289 3176 399 3273 quod
423 3176 519 3271 olim
543 3175 585 3244 in
616 3174 835 3274 fragmentis
866 3181 924 3250 his
953 3179 1172 3278 colligendis
1195 3181 1314 3251 collo·

295 3306 398 3377 cauit
422 3305 481 3374 vir
501 3305 741 3377 doctissimus
765 3310 915 3404 meique
935 3312 1225 3397 amantissimus,
1250 3311 1315 3380 cui

295 3459 386 3504 cum
397 3433 527 3503 literae
548 3440 773 3509 tammulta
798 3441 873 3510 alia
885 3440 1053 3528 debeant,
1077 3459 1162 3509 tum
1176 3441 1315 3510 merita

296 3563 375 3633 eius
401 3563 448 3631 de
467 3562 627 3633 Pindaro
653 3589 731 3633 non
755 3567 892 3639 vltimo
914 3571 999 3640 loco
1026 3586 1114 3640 sunt
1132 3569 1312 3641 habenda.

293 3690 352 3762 aa
376 3689 540 3783 piurima
563 3691 677 3778 enim,
702 3695 869 3768 aaronis
892 3680 1078 3793 inprimis,
1102 3699 1313 3770 Platonico·

293 3843 455 3913 rumque
489 3821 804 3915 philosophorum
841 3846 879 3898 et
916 3829 1201 3923 sophistarum,r
1224 3846 1311 3899 tum

292 3972 381 4025 rero
408 3966 447 4018 et
476 3949 640 4020 aliorum
668 3954 912 4048 scriptorum,
948 3985 1042 4053 quos
1072 3983 1187 4030 mann
1224 3957 1312 4027 teri·

291 4100 396 4165 mus,
433 4077 516 4184 loca
554 4081 810 4180 orationisque
840 4107 1057 4160 ornamenta
1091 4105 1130 4158 et
1159 4085 1308 4157 lumina
1351 4049 1355 4131 l
