2859 4934
499 430 547 487 ex
585 402 775 507 Epiniciis.
1116 440 1140 513 9

119 607 194 672 τοῖς
215 599 361 686 α’νδροῖσι,
390 594 632 680 καὶ-θεάσασθαι
647 594 719 663 roric
733 594 984 683 ἄγωνιζομένους·
1003 603 1147 670 lrtcrtr'r·

121 733 187 775 των
209 709 243 770 δὲ
262 706 342 788 αὐτῇ
357 706 417 771 coir
435 700 653 794 ἑλλκνοδικῷν,
676 695 721 760 ὅτι
742 701 891 782 ἐτόλμησε
910 707 1082 790 παρελθεῖν
1105 713 1148 781 sie

122 809 163 877 co*
184 812 323 885 celator,
345 803 579 892 α’ποκρίνασθαι·
604 807 663 893 rtur
679 804 740 885 γάρ
755 800 838 892 ἄλλῃ
858 807 944 870 τοῦτο
965 813 1080 883 γυναικὶ
1097 814 1148 877 δέ·

127 917 209 980 δωκε
230 899 447 996 retexitur-*ier
467 901 561 975 οὕτως
578 904 596 968 e‘
614 904 704 980 tete,
724 904 770 971 ὅτι
789 912 838 971 καὶ
858 915 976 994 πατέρα
993 915 1043 976 nal
1064 923 1149 998 τρεῖς

126 1016 288 1094 ἀδελφούς
304 1006 540 1091 Ὀλυμπιονίκας
558 1007 646 1089 ἔχοι,
667 1011 717 1072 uei
738 1011 801 1075 niv
824 1014 872 1077 ἐπ’
893 1013 1047 1093 Ὀλύμπια
1069 1016 1147 1094 ἄγοι.

126 1122 255 1204 Ταύτης
278 1112 332 1183 οὖν
356 1115 575 1201 πρεσβύτιδος,
607 1113 656 1176 uel
679 1115 786 1179 reticeo
808 1119 864 1180 τοῦ
884 1124 989 1193 γένους
1009 1121 1149 1207 cirelio}

128 1224 245 1289 ἐστινὸ
262 1223 462 1303 Κλεοκροίτης.
507 1220 619 1280 Finem
634 1222 787 1303 epistolae
803 1227 925 1294 omitto,
944 1229 999 1307 qui
1015 1228 1147 1309 ineptis-

129 1333 229 1392 simas
243 1331 382 1402 hominis
398 1326 503 1387 laudes
519 1325 772 1403 comprehendit.
816 1328 901 1389 Hinc
916 1351 993 1392 vero
1007 1348 1147 1414 apparet,

113 1436 198 1496 nisi
216 1455 343 1516 prorsus
358 1433 467 1496 omnia
482 1431 519 1490 in
537 1429 600 1490 hoc
613 1430 732 1509 scripto
751 1436 878 1494 suntab
894 1433 1029 1498 homine
1047 1459 1145 1519 nuga-

131 1556 204 1604 tore
227 1540 376 1610 conficta,
409 1535 582 1597 Pindarum
609 1549 735 1615 practer
759 1538 904 1612 nobilem
933 1541 1022 1600 illam
1054 1543 1148 1602 eclam

137 1644 358 1726 Olympicum,
393 1661 473 1722 quae
492 1641 611 1722 legitur
633 1639 732 1699 hodie
756 1641 870 1703 ordine
890 1647 1044 1720 septima,
1073 1649 1147 1707 scri·

135 1752 237 1833 psiesc
257 1750 350 1810 etiam
366 1745 458 1806 aliud
473 1746 506 1804 in
524 1743 709 1821 Diagoram
722 1767 846 1805 carmen
861 1750 1014 1824 ἐπινίκιόν,
1039 1754 1092 1812 vbi
1107 1755 1148 1812 tle

133 1877 199 1917 anu
215 1857 309 1914 trium
333 1855 493 1912 victorum
508 1868 616 1911 sorore
630 1869 856 1917 memoranerat
874 1875 920 1922 ea,
945 1877 1025 1938 quae
1041 1875 1149 1918 auctor

135 1950 289 2041 epistolae
305 1958 381 2018 inde
401 1953 509 2016 refert.
554 1953 636 2012 Nam
653 1953 740 2014 ineo
756 1957 914 2026 carmine,
940 1963 1026 2042 quod
1051 1963 1148 2025 horlie

133 2066 269 2147 legitur,
304 2078 396 2146 poeta
415 2059 579 2139 Damageti
603 2058 666 2118 nisi
688 2060 788 2120 verbo
814 2080 880 2122 non
904 2069 1067 2140 meminit,
1098 2071 1150 2130 cui

134 2167 242 2231 tamen
262 2166 422 2228 mentioni
437 2165 492 2224 vix
512 2164 666 2222 conuenit
688 2165 948 2227 Aeschinisillud
963 2165 1039 2243 ἄγει,
1060 2167 1149 2252 αἴρει.

136 2275 297 2359 Scriptum
310 2289 390 2331 uero
407 2267 515 2359 fuisse¹
530 2287 658 2344 narnien
679 2268 741 2329 hoc
756 2289 773 2328 a
795 2270 933 2333 Pindaro
958 2275 1036 2354 plus·
1054 2296 1149 2354 quam

137 2375 410 2460 quinquagenario
432 2370 584 2451 suspicari
609 2371 684 2431 licet
705 2391 743 2432 ex
766 2371 894 2454 Olymp.
910 2376 973 2438 Vll.
1006 2400 1085 2459 quae
1110 2380 1150 2441 ad

138 2482 367 2564 Olympiadem
382 2495 431 2556 79.
453 2475 598 2539 refertur.
656 2475 822 2537 Praeterea
846 2481 979 2542 eandem
1000 2487 1150 2544 narratio-

137 2609 215 2649 nem
237 2585 355 2663 (Schol.
372 2582 502 2644 Pindari
520 2583 558 2640 ati
576 2579 702 2650 Ol.Vll,
723 2601 769 2661 pr.
790 2586 834 2658 et)
860 2603 931 2644 cum
953 2587 1082 2647 Pindari
1099 2610 1151 2648 au.

138 2691 284 2751 ctoritate
298 2686 396 2749 refert
415 2686 552 2746 Tzetzes
570 2684 654 2746 Chil.
667 2685 691 2756 Ι,
703 2703 757 2761 593
778 2706 824 2767 sq.
850 2699 944 2767 quem
965 2694 1091 2773 quidem
1108 2697 1151 2756 10.

138 2813 209 2855 cum
238 2795 355 2853 erroris
374 2803 553 2873 suspectum
574 2789 747 2863 habebam,
783 2806 951 2872 antequam
987 2798 1150 2877 epistolam
1195 2865 1199 2874 ¹

138 2899 307 2961 Aeschinis
328 2914 566 2977 comparassem.
610 2894 697 2955 Solet
713 2896 799 2983 enim
822 2898 965 2959 insulsus
980 2900 1035 2960 ille
1054 2901 1152 2961 homo

139 2984 236 3065 etiain
264 3002 341 3062 alibi
363 3001 501 3062 Pindaro
526 2994 686 3071 tribuere',
715 3019 797 3079 quae
821 3002 856 3060 iu
880 3006 1013 3065 vetttstis
1037 3006 1153 3068 Poetae

138 3107 461 3178 commentatoribus,
483 3128 514 3169 v.
531 3128 561 3188 g.
583 3106 623 3165 de
638 3105 829 3164 Alcmaeone
849 3107 895 3166 ed
904 3107 1067 3186 Pyrnvu.
1093 3126 1152 3170 tra-

138 3211 206 3273 dita
233 3210 360 3288 legerat.
418 3211 539 3272 Totum
563 3207 692 3270 Tzetzis
725 3209 828 3268 locum
854 3214 1063 3294 comparabit,
1095 3217 1153 3296 qui

138 3315 310 3379 nominum
334 3313 518 3375 varietatem
541 3331 735 3395 cognoscere
756 3315 904 3376 voluerit.
949 3317 1028 3378 Satis
1051 3321 1152 3380 habeo

137 3423 241 3504 digito
254 3431 504 3500 praemonstrare
516 3417 636 3495 reliqua
652 3430 793 3476 veterum
807 3434 973 3481 auctorum
987 3423 1066 3492 loca,
1088 3429 1154 3504 qui·

137 3527 201 3589 bus
220 3526 302 3583 inter
317 3543 351 3584 se
368 3522 490 3582 collatis
511 3523 623 3581 clarius
639 3521 678 3579 de
693 3536 758 3581 tota
776 3524 1004 3605 Diagoreorum
1022 3527 1153 3601 familis,

136 3631 430 3708 victoriarumque,
459 3645 534 3705 quas
554 3626 784 3696 obtinuerunt,
812 3649 946 3693 numero
970 3647 1001 3692 et
1022 3634 1155 3695 historia

136 3736 254 3798 lectori
269 3748 412 3794 constare
426 3732 551 3813 poterit.
571 3716 573 3720 ,
597 3733 693 3791 rideat
706 3732 806 3812 igitur
820 3733 1007 3794 Partsauiam
1025 3739 1120 3800 Eliac.
1130 3740 1153 3800 Ι.

137 3844 211 3919 (lib.
222 3841 258 3911 V,
274 3840 292 3899 6
308 3840 400 3912 extr.)
426 3859 454 3917 p.
469 3841 537 3912 389.
562 3835 600 3895 ad
628 3856 724 3919 quem
740 3836 824 3900 conf.
841 3854 947 3898 notam
970 3840 1098 3901 Valken.
1115 3842 1154 3901 ad
1257 3912 1259 3919 Α

137 3948 279 4008 Theocr.
294 3944 444 4006 lidoniaz.
464 3961 494 4018 p.
508 3946 573 4015 198.
599 3940 742 4003 uitauit.
756 3943 848 4017 (Vuc
866 3959 899 4029 et
913 3948 945 4020 7)
963 3966 992 4024 p.
1002 3938 1167 4022 meus.

137 4053 340 4115 Messeniaca
354 4044 482 4126 (lib.lV.
497 4048 547 4118 24)
571 4066 599 4124 p.
614 4065 682 4117 337.
727 4046 854 4106 Deinde
877 4047 993 4129 dignus
1011 4067 1076 4117 est,
1099 4051 1158 4130 qui
1240 4025 1243 4040 Ι

138 4158 372 4225 contendatur,
396 4153 483 4212 locus
502 4149 598 4210 Gellii
613 4149 652 4211 N.
671 4142 800 4222 tutu,
814 4172 860 4226 ις.
889 4153 1004 4213 Valerii
1023 4155 1158 4214 Memmi

1075 4259 1155 4331 Vlll,
