2859 4934
202 417 284 494 280
419 410 421 415 '
456 440 461 453 ·
566 403 615 511 G.
639 398 861 531 Ηοοοοοιοοίι

261 621 266 632 ·
369 596 600 659 :„.:v3

290 698 329 744 m
370 676 830 744 -olvv·u·³vo·

362 769 452 878 '¹0⁰5‘
471 816 490 856 v
510 821 526 836 .
547 792 571 836 .’
591 814 609 855 v
627 821 645 837 .
906 777 911 788 '
1108 818 1121 866 q

249 894 285 958 V.
296 900 325 958 8.
348 894 458 959 Scribe
477 895 588 982 αἰροῗνὶ

252 1018 282 1077 9.
305 1001 332 1060 Ε
348 1017 456 1065 nostra
471 1002 683 1086 dispositione
695 1019 844 1064 versuum
860 998 1066 1085 intelligitur
1076 1019 1211 1085 nouopus

193 1089 195 1093 ¹
209 1101 328 1179 luisse,
350 1123 386 1170 vt
398 1105 454 1171 ndu
467 1108 503 1170 iu
519 1107 577 1178 ἔον
591 1120 776 1170 mutaretur.
825 1175 828 1181 ¹

259 1230 306 1285 13.
331 1211 542 1275 conieceram
566 1213 731 1296 scripsisse
750 1203 928 1275 Pindarum
948 1208 1113 1284 sddloevor,
1130 1210 1216 1292 ‚idqrs

212 1313 254 1375 ad
269 1314 402 1381 πλοῦτον
419 1315 625 1381 referendum
646 1331 734 1387 esse,
760 1329 857 1397 quum
882 1335 954 1377 earn
972 1316 1218 1378 emendationem

215 1420 295 1481 mihi
316 1438 515 1506 praereptam
535 1419 751 1484 animaduerti
772 1419 1011 1483 aSchneidero
1033 1423 1075 1482 in
1095 1423 1166 1484 Lex.
1180 1421 1219 1486 (ir.

217 1545 248 1587 v.
263 1522 408 1595 οὐδίοονος,
449 1525 572 1589 Eodem
585 1524 742 1587 vocabulo
756 1523 911 1586 Pindarus
925 1526 1038 1596 vritur
1054 1523 1109 1587 Ol.
1118 1525 1220 1601 lX‚146.

262 1653 300 1714 19
314 1656 383 1718 sqq.
406 1637 511 1703 Locus
525 1638 579 1701 hic
597 1630 840 1701 obscurissimui
857 1650 915 1699 est.
963 1637 1044 1720 Quo
1055 1636 1223 1720 *diligentio-

210 1759 256 1831 re
270 1745 544 1826 pernostigatione
559 1762 641 1826 opus
660 1755 729 1812 est,
747 1761 790 1803 ne
808 1742 916 1802 autin
933 1741 1119 1804 retinenda
1136 1757 1224 1806 veteru

220 1845 361 1928 lectione
384 1850 488 1916 autin
506 1845 740 1910 introducenda
752 1863 840 1907 noua
859 1844 971 1926 aliqua
986 1866 1146 1912 erremus.
1175 1848 1225 1910 Pri·

223 1969 316 2012 mum
326 1953 473 2035 συγγενής
485 1949 653 2031 ὀφθαλμοὶ
666 1951 706 2012 de
722 1950 786 2013 oris
800 1949 962 2011 maiestate
974 1951 1106 2016 dictum
1119 1955 1226 2023 voluntt

223 2074 306 2137 quae
330 2057 519 2138 significatio
541 2077 601 2138 qua
622 2057 807 2120 auctoritate
831 2054 883 2113 vel
898 2056 1139 2134 probabilitate
1161 2061 1227 2121 uerte
1266 2122 1268 2131 ἱ

224 2159 408 2222 confirmari
430 2164 540 2245 possit,
564 2183 632 2251 non
644 2161 752 2226 video.
793 2158 900 2224 Credo
921 2146 1227 2243 natamintsrprets·
1266 2146 1267 2169 ¹

225 2264 348 2326 tionem
364 2285 403 2327 ex
417 2287 467 2340 so,
489 2267 574 2349 quod
587 2265 773 2331 αἰδοιότατον
785 2267 876 2345 risse
888 2264 929 2324 de
943 2263 1065 2325 eadem
1080 2286 1118 2327 re
1130 2266 1227 2326 dicrum

185 2379 196 2388 ““
226 2383 386 2453 putarent,
403 2372 485 2433 sicut
504 2369 811 2448 01.V1.127.sttots
830 2365 1012 2451 οοτοσοοὶζει
1026 2367 1129 2452 χοξρος
1139 2368 1229 2431 sdsdlu

226 2470 364 2552 μορφοέν.
404 2475 446 2536 At
463 2476 516 2536 hic
530 2477 635 2537 omnia
654 2477 734 2564 elara
749 2461 843 2536 sunt:
864 2473 900 2533 in
914 2487 1029 2535 nostro
1048 2474 1124 2538 loco
1139 2473 1229 2535 omnir

229 2576 464 2654 obscurissima,
477 2583 572 2642 otiam
585 2587 716 2663 propter
730 2578 871 2641 additum
882 2575 986 2649 τοῦτο,
1007 2595 1109 2656 quam
1122 2574 1231 2657 quiden

231 2680 454 2746 difficultatem
473 2687 618 2766 Heynius
635 2687 678 2746 ita
696 2681 926 2766 expediendam
942 2684 1089 2752 censuit,
1111 2695 1147 2742 vt
1163 2677 1233 2744 τοῦτο

197 2840 200 2847 .
231 2786 271 2846 ab
288 2788 364 2860 illis,
389 2789 572 2854 αἰδοιότατον
584 2793 685 2872 γέρας,
709 2799 886 2866 separaret,
910 2786 1000 2844 etsie
1015 2768 1178 2867 iungeret,
1196 2774 1234 2857 ps·

232 2889 380 2966 γοόμενον
398 2894 485 2957 τοῦτο
500 2895 591 2978 φρενὶ
607 2893 672 2974 rugi,
694 2893 896 2953 coniunctum
915 2887 999 2949 illud
1018 2909 1094 2948 eum
1112 2887 1234 2966 pruden-

234 2999 294 3057 tia.
337 2997 377 3058 Ar
396 2999 457 3060 hoc
474 3019 574 3080 genus
592 2996 722 3058 dicundi
742 2997 776 3054 in
798 2995 838 3054 iis
858 3008 923 3062 ost,
947 3010 1031 3072 quae
1052 2994 1090 3051 iu
1106 2991 1236 3073 prosaico

233 3102 389 3182 scriptore
404 3118 523 3186 augent
538 3103 602 3161 vim
620 3100 784 3173 orationis,
803 3100 838 3157 in
853 3111 947 3178 poeta
960 3097 1129 3158 minuunt.
1155 3091 1239 3176 Quod

234 3206 263 3266 si
279 3205 462 3272 αἰδοιότατον
477 3205 563 3270 τοῦτο
577 3207 668 3285 ’γέρας
685 3203 841 3273 iunioris,
863 3220 1017 3282 quorsum
1028 3196 1181 3285 referes?
1198 3197 1239 3258 An

236 3306 275 3367 ad
289 3304 482 3387 ὁφθολμόνῖ
534 3309 671 3388 utquid
691 3309 753 3368 hoc
772 3307 916 3371 tandem:
944 3306 1008 3367 oris
1029 3303 1080 3362 tui
1101 3301 1239 3383 honestas

234 3411 318 3472 hauc
332 3415 431 3494 ipsam
446 3413 644 3473 honestatem
660 3433 730 3472 curn
744 3411 910 3493 prudentia
927 3409 1134 3468 coniunctam
1148 3406 1241 3466 habet.

236 3516 347 3595 ltaque
364 3519 456 3604 γάρος
470 3515 716 3594 intelligendum
739 3531 820 3578 esset
841 3515 882 3574 de
903 3515 990 3593 rogia
1013 3512 1191 3592 dignitate,
1210 3508 1241 3566 ds

237 3640 298 3699 qua
319 3634 395 3680 ante
417 3611 619 3691 dixerat,'5'n
635 3617 783 3697 βκσιλοός
803 3615 869 3679 ἐσσὶ
885 3614 1025 3691 μεγαλοῖν
1040 3617 1170 3690 roilus,
1192 3613 1243 3673 hoc

238 3743 351 3784 sensu:
383 3724 447 3785 oris
466 3726 522 3783 tui.
538 3724 686 3784 honestas
707 3723 794 3804 regia
819 3720 973 3801 dignitate
990 3734 1144 3789 ornatur,
1174 3735 1243 3800 quas

148 3865 150 3871 ,
239 3828 410 3888 coniuncta
435 3845 505 3887 cum
522 3828 695 3908 prudentia
715 3841 772 3889 est.
828 3824 985 3891 torsere,
1016 3823 1045 3882 si
1061 3824 1192 3902 quidem
1211 3822 1243 3881 de

240 3930 475 4010 significatione
491 3930 584 3990 verbi
596 3925 764 4007 ὀφθαλμοὶ
776 3942 942 3991 constaret.
984 3924 1047 3987 Sed
1063 3927 1146 3989 illud
1162 3929 1245 3990 etiam

238 4032 571 4115 animaduertendum,
607 4033 640 4096 δὲ
660 4050 732 4116 post
756 4031 904 4107 συγγενής
927 4052 1016 4092 nunc
1046 4033 1166 4094 abesse
1186 4051 1245 4092 non

239 4154 345 4220 posse.
402 4140 498 4222 Atqui
519 4138 580 4201 huc
602 4133 652 4215 ds,
685 4137 771 4221 quod
794 4138 891 4198 etiam
914 4136 1001 4198 abest
1017 4155 1035 4198 a
1053 4137 1122 4202 Pal.
1138 4138 1176 4204 C.
1196 4154 1245 4197 nec

1102 4263 1104 4266 ’
1191 4261 1246 4304 ussi
