2859 4934
214 421 365 502 Comm.
385 414 431 495 de
454 354 768 521 metris'l'iddsP.
787 434 828 488 ιι.
859 363 1085 490 Nenvllt.
1146 437 1226 514 329
1276 408 1282 478 ἶ
1323 389 1346 407 ”

186 613 324 696 quiunt
352 605 507 692 quiddam
528 603 730 665 attribuiturt
750 599 837 680 quod
864 601 1098 698 ineptumlestq:
1126 623 1227 684 quum
1277 587 1304 593 .,

214 719 319 799 plane
337 713 528 778 contrarium
552 708 651 770 sitin
676 707 882 777 necessitate,
910 708 955 766 ita
973 720 1026 778 vt,
1053 708 1226 789 siquando
1288 777 1290 780 ,

213 822 313 881 aliter
334 818 399 887 sit,
433 833 469 874 ea
489 813 550 873 iam
572 828 615 870 ne
635 811 807 871 necessitas
828 809 959 890 quidem
980 831 1050 874 esse
1072 808 1227 881 videatur.
1265 799 1297 820 κ’

215 922 330 1001 ltaque
355 930 414 978 aut
441 911 535 998 plane
558 913 781 976 abstinendum
812 913 950 990 Pindaro
978 901 1017 975 ab
1041 915 1101 978 hac
1126 932 1227 980 trans·
1262 994 1264 999 Α

212 1027 338 1086 datione
352 1033 436 1090 erat,
464 1032 519 1080 aut
542 1030 627 1079 certe
647 1015 760 1100 ιῖμέριυ
781 1013 917 1091 datianus
934 1017 1227 1100 xspcl-dicendum.

217 1127 301 1190 Nam
322 1125 351 1187 si
379 1124 449 1205 quis
472 1121 697 1192 contenderet,
722 1141 817 1202 quum
844 1121 906 1184 hoc
925 1123 1032 1204 ipsum
1051 1127 1232 1206 significare

221 1233 321 1295 vellet
344 1228 519 1300 Pindarus,
554 1227 714 1307 eleganter
739 1225 906 1306 epitheton
928 1225 968 1288 ab
991 1247 1029 1289 eo
1052 1229 1092 1289 ad
1116 1235 1231 1310 χεῖρας

218 1335 412 1398 translatum
434 1351 511 1402 esse,
532 1348 592 1391 nae
609 1330 663 1390 illa
681 1329 798 1391 similis
813 1327 897 1392 foret
912 1330 1076 1411 elegantia,
1098 1349 1132 1392 vt
1148 1336 1230 1395 mul-

219 1454 329 1501 torum
348 1457 453 1509 nunc,
480 1436 534 1518 qui
555 1435 650 1515 quum
672 1435 785 1496 Latine
800 1435 962 1504 scribunt,
990 1425 1146 1515 quidquid
1165 1435 1230 1499 ele·

220 1559 333 1626 gamer
352 1542 415 1622 dici
435 1532 603 1622 aliquando
622 1538 789 1608 audiuere,
813 1538 908 1596 etiam
925 1539 971 1599 ibi
990 1553 1153 1621 vsurpaut,
1173 1541 1230 1603 vbi
1268 1574 1272 1590 ι
1332 1562 1349 1569 ·‘

220 1647 391 1710 absurdum
417 1658 480 1717 est,
515 1656 546 1704 et
568 1642 629 1703 sibi
653 1642 760 1722 ipsum
785 1655 951 1721 repugnat.
1006 1643 1132 1704 Deinde
1151 1645 1231 1724 quid

221 1751 367 1824 honest,
388 1750 493 1833 ἕτερον
505 1744 531 1806 δ’
546 1741 684 1827 dripere?
709 1743 786 1803 Hic
804 1763 880 1806 vero
898 1747 1011 1806 iterum
1030 1749 1066 1806 in
1084 1751 1231 1829 grauissi-

220 1864 311 1930 r‘nam
328 1849 609 1941 reprehensionem
625 1847 780 1909 incideret
794 1847 962 1921 Pindarus,
975 1853 1031 1929 qui
1047 1873 1116 1914 rem
1129 1855 1230 1918 subli·
1282 1924 1284 1933 ,

221 1958 344 2019 micatis
364 1937 582 2037 plenissimam
603 1950 681 2012 adeo
706 1951 855 2033 languida
875 1965 908 2014 et
929 1955 1065 2033 marcida
1083 1934 1250 2024 orationev

222 2056 451 2140 descripsisset.
465 2063 467 2068 ’
494 2053 576 2114 Nam
590 2067 622 2114 vt
639 2053 738 2134 ἕτεραι
750 2057 859 2138 χεῖρες
869 2075 938 2118 non
952 2058 1093 2123 diuersas
1108 2083 1229 2139 manus,

198 2167 201 2171 '
223 2163 281 2226 sed
303 2161 458 2224 diuersam
478 2173 634 2219 manuum
652 2155 718 2215 vim
740 2170 772 2216 et
793 2161 943 2223 virtutem
966 2164 1142 2246 significare
1159 2183 1232 2248 pos·
1257 2216 1277 2232 .,
1345 2241 1347 2251 Ι

225 2269 311 2340 sint,
331 2265 452 2349 ἱμέροις
471 2265 545 2324 illae
563 2257 670 2342 χερσὶν
692 2279 949 2343 opponerentur,
975 2282 1011 2328 vt
1031 2284 1139 2331 essent
1156 2267 1235 2331 αἰιιί-
1264 2257 1266 2268 ’

195 2387 322 2456 spsptt.
362 2368 458 2454 Atqui
478 2366 506 2427 si
525 2364 577 2424 vel
593 2363 654 2421 hoc
672 2361 742 2443 ipso
756 2365 915 2428 .voeabulo
933 2388 1007 2431 rsus
1027 2385 1116 2434 esset·
1126 2386 1232 2452 poeta,
1291 2357 1293 2359 ’

226 2475 325 2553 longe
339 2470 375 2532 in
392 2490 431 2532 eo
446 2471 548 2531 maior
561 2468 609 2529 vis
624 2462 717 2540 foret,
737 2483 834 2545 quam
849 2469 884 2529 in
901 2458 961 2543 his,
984 2474 1099 2554 ἑτέραις
1110 2478 1235 2557 χερσίν,

226 2577 264 2638 in
284 2573 397 2655 quihus
420 2592 526 2653 neque
541 2588 690 2631 manuum
705 2567 808 2650 imago
826 2572 999 2654 quidquam
1016 2576 1121 2651 habet,
1145 2579 1235 2660 quod
1260 2644 1263 2652 ,

231 2677 436 2743 commouere
457 2679 600 2737 animum
619 2672 738 2755 possit,
766 2685 799 2731 et
821 2675 987 2755 epitheton
1005 2695 1125 2745 tanturn
1145 2684 1236 2747 abest

228 2800 265 2848 ut
285 2784 368 2845 hanc
389 2781 562 2864 imaginem
576 2790 675 2840 ornet
696 2789 791 2854 atque
812 2778 964 2854 illustret,
986 2803 1057 2845 eam
1072 2800 1107 2847 vt
1123 2788 1235 2849 obscu-

228 2897 283 2952 ret
300 2889 406 2971 potius
427 2904 463 2945 ac
483 2881 614 2964 plane-e
633 2884 803 2958 conspectu
827 2884 1002 2951 subtrahat.
1045 2890 1149 2972 Atque
1171 2891 1235 2953 hoc

229 2994 363 3075 quidem
381 2989 494 3052 vitium
519 2996 644 3054 manet,
678 2983 771 3043 etiam
791 2985 818 3045 si
839 2983 975 3062 ιὶνιίγιιιιι
996 2991 1051 3051 vel
1071 2988 1119 3052 tt'u'
1138 2988 1239 3066 ιὶγιιιὶς

230 3094 364 3180 legatur.
405 3094 512 3178 Quare
528 3108 571 3149 ne
594 3087 670 3148 haec
692 3087 823 3168 quidem
839 3089 935 3152 lectio
951 3091 1118 3167 satisfacit,
1146 3115 1237 3177 prae·

228 3203 343 3281 sertim
360 3217 457 3282 quum
475 3212 581 3275 neque
600 3188 738 3266 despuat
753 3211 858 3271 neque
874 3191 1028 3270 sv’a’pusc
1047 3197 1111 3279 vlla
1131 3214 1238 3262 aucto·

229 3309 325 3370 ritate
346 3303 462 3366 firmari
482 3298 600 3381 possit,
626 3314 662 3356 ac
685 3307 845 3377 praeterea
867 3295 958 3378 χερσὶ
980 3297 1151 3386 βαστάζειν
1172 3304 1239 3366 iam

230 3411 317 3476 idem
338 3408 507 3493 significet,
545 3403 612 3462 lrno
637 3399 712 3480 qnid
736 3399 862 3462 multa?
903 3400 963 3462 vix
982 3403 1120 3469 dubitari
1144 3426 1241 3492 posse
1293 3407 1296 3412 ’

233 3514 348 3587 credo,
376 3512 455 3592 quin
475 3507 629 3572 Pindarus
648 3504 825 3586 scripserit,

300 3691 303 3696 -
344 3631 411 3717 τᾶν
434 3632 505 3735 μὲν
528 3627 674 3733 ἁμέροις
697 3621 889 3725 ἀνάγκαις
944 3651 946 3654 ’

326 3751 454 3860 ’χερσὶ
479 3748 705 3851 βαστάζεις,
732 3744 859 3855 ἕτεροι
882 3739 918 3830 d'
940 3745 1103 3858 ἑτέραις,
1193 3797 1196 3802 ·

218 3878 355 3984 {scilicet
368 3895 524 3976 α’νιίγιιαιι,
563 3897 706 3967 iuuenta,
727 3861 843 3972 inquit,
863 3891 994 3955 Veneris
1009 3868 1243 3983 numinisque

235 4003 325 4064 dulci
345 3999 477 4082 quadarn
499 4000 686 4061 necessitate
708 3997 854 4057 vinctum
874 3994 981 4069 fouet,
1004 4016 1040 4060 sc
1058 4001 1159 4060 veluti
1179 4022 1243 4085 rna-

227 4089 331 4173 nibus
347 4098 465 4201 gestat,
488 4103 583 4166 aliurn
599 4101 659 4164 alia
674 4101 877 4166 necessitate.
913 4102 961 4166 ab
979 4101 1038 4179 iis,
1059 4105 1174 4189 quibus
1193 4125 1242 4167 se·

1069 4233 1072 4237 ¹
1136 4208 1244 4273 cundo
