2859 4934
249 542 252 555 ι
291 502 293 506 s
345 403 555 522 Commeat.
587 430 634 533 tle
661 425 787 517 mettis
814 406 991 518 Pindari
1009 439 1047 519 P.
1070 467 1096 520 1.
1156 448 1247 530 igi.

225 631 404 692 emendare
418 630 622 700 conati'sun't,
645 632 669 692 ii
687 652 756 693 nou
770 633 870 693 solum
886 633 984 698 multa
996 633 1237 713 praeterierunt,

220 736 285 820 ped
310 738 445 818 plurima
470 736 563 794 stiam
589 749 710 794 temere
731 748 902 798 nouarunt.
947 738 1092 820 Quorum
1115 731 1236 816 primus

223 841 376 902 Erasmus
393 839 592 909 Schmidius,
610 840 665 917 qui
684 841 834 899 maiorem
858 855 878 898 a
896 836 1060 924 diligentia
1083 859 1173 920 qnam
1195 841 1236 902 ab

223 945 360 1051 ingenio
378 943 687 1004 commendationem
704 944 809 1021 habet,
831 949 898 1004 don
916 960 963 1007 est
977 944 1069 1007 austu
1086 924 1239 1006 deserere

223 1018 445 1111 auctoritatem
460 1040 655 1139 scholiastae
680 1049 827 1116 metrici,
863 1048 1004 1110 hominis
1022 1054 1159 1148 prorsus
1183 1049 1232 1108 irt'·

223 1152 322 1231 docti.
364 1149 510 1210 Pauwius
528 1133 654 1224 autern,
673 1154 770 1214 homo
784 1140 942 1212 veterum
949 1140 1161 1212 metricorum
1183 1164 1231 1213 er'·
1338 1226 1339 1231 η

220 1228 348 1316 toribus
369 1257 462 1335 plane
488 1256 664 1325 imbutus,
676 1276 767 1317 suam
788 1244 888 1334 ipsius
905 1257 1092 1337 imperitiam
1120 1255 1241 1317 adium·
1306 1336 1308 1341 Ι

220 1360 287 1419 uit.⁴
328 1357 392 1416 Nec
412 1358 528 1439 deinde
547 1357 616 1427 fnit,
639 1346 753 1437 quide
775 1347 883 1420 metris
898 1357 1027 1421 Pindari
1041 1355 1229 1438 disputaret,
1329 1341 1336 1360 ’

219 1462 327 1529 donec
344 1463 387 1521 lo.
407 1462 512 1541 Aloys.
533 1463 757 1543 Mingarellud,
779 1464 891 1534 ltalus,
915 1466 1061 1525 mutanda
1081 1458 1230 1523 versuum

220 1562 451 1647 distributione
484 1585 597 1627 nouam
635 1567 828 1627 emendandi
844 1564 847 1567 ’
861 1570 957 1629 metri
968 1590 970 1594 ⁴
983 1571 1069 1628 viam
1086 1569 1228 1650 'aperuita

219 1669 329 1730 Huius
344 1684 412 1730 tunt
427 1671 620 1731 coniecturas
637 1671 677 1729 de
692 1670 823 1729 Pindari
843 1669 923 1740 odis,
942 1653 1080 1732 Bononii
1100 1690 1127 1731 aa
1149 1653 1224 1749 177?

218 1775 346 1841 editas,
362 1787 430 1832 tum
452 1775 525 1834 alias
552 1777 685 1835 ineditas
710 1775 964 1845 emendationes,
986 1779 1065 1855 quas
1079 1753 1225 1851 Heynius

220 1860 316 1940 nobis
339 1879 483 1949 miserat,
509 1878 677 1957 diligenter
699 1879 934 1948 consuluimus,
955 1879 1121 1959 inquibus
1141 1856 1227 1938 Mine

221 1982 375 2062 garellus,
411 1983 469 2041 etsi
491 1984 615 2062 saepius
641 2001 750 2041 veram
773 1993 941 2042 metrorum
963 1984 1119 2044 rationem
1144 1980 1225 2042 asse·

217 2098 439 2166 ‘quutusesn
456 2099 586 2154 tamen,
606 2084 757 2162 quoniam
784 2086 961 2155 nesciebat,
996 2075 1076 2165 duae
1100 2086 1225 2148 caussae

175 2196 178 2201 '
217 2202 328 2250 essent
353 2187 640 2248 distribuendorum
666 2206 831 2256 versuum,
861 2189 1026 2266 ingentem
1049 2185 1224 2251 numerum
1315 2222 1318 2228 ,

221 2295 372 2353 vitiorum
389 2311 432 2352 ue
448 2294 671 2354 animaduertit
689 2293 838 2372 quidem
860 2294 920 2352 alia
939 2309 1045 2355 autem
1064 2295 1139 2355 dum
1162 2277 1225 2354 tol'-
1317 2365 1323 2378 „

188 2476 191 2481 4
215 2399 284 2457 -lere
302 2397 415 2465 voluit,
435 2399 528 2456 nouis
545 2399 630 2456 auxit
645 2397 813 2456 erroribus.
855 2394 922 2455 Nec
937 2413 1045 2460 tamen
1059 2419 1114 2460 sua
1129 2393 1224 2464 laude
1268 2379 1271 2384 ¹

212 2496 461 2583 defraudandus
475 2516 522 2562 est
544 2503 593 2560 vir
620 2500 887 2571 modestissimus,
917 2503 973 2578 qui
994 2501 1097 2582 quum
1111 2503 1146 2585 iu
1165 2502 1222 2560 itto

169 2588 175 2651 ¹-
216 2601 338 2687 genere
358 2616 496 2664 caeteros
517 2604 648 2675 vicerit,
669 2617 742 2663 turn
760 2605 843 2664 nihil
862 2600 1036 2671 errauerit,
1051 2590 1223 2684 nisiquod
1294 2607 1296 2611 ’

217 2709 308 2770 idem
328 2709 441 2767 caeteri
462 2725 571 2767 omnes
596 2721 748 2779 errarunt.
803 2709 965 2788 Longius,
987 2724 1077 2785 quam
1097 2706 1220 2786 Ming'a·

213 2814 334 2881 rellus,
350 2812 506 2891 processit
522 2811 565 2872 lo.
584 2811 682 2872 Henr
698 2812 839 2887 Vossius,
862 2813 970 2891 quiin
985 2809 1132 2870 versione
1146 2805 1223 2870 libri
1288 2841 1290 2845 ·

216 2916 457 2978 Blaclewelliani
473 2915 513 2974 de
529 2916 592 2976 vita
612 2929 642 2974 et
659 2916 783 2992 scriptis
797 2912 931 2978 Homeri
948 2936 976 2993 p.
991 2918 1057 2972 181.
1084 2911 1220 3013 Scholia·
1303 2896 1305 2903 ¹

210 3018 286 3112 stae
317 3021 436 3110 metrici
457 3033 638 3113 commenta
666 3021 768 3114 plane
786 3018 985 3107 repudianda
1013 3017 1221 3078 existimauit
1291 3094 1293 3097 .

207 3142 406 3206 ¹qumquam
430 3106 555 3204 ipsein
563 3125 724 3185 versibus
752 3106 911 3194 Pindari,
924 3139 1016 3202 quos
1046 3119 1092 3180 ibi
1121 3119 1219 3190 affert,

198 3245 287 3290 'non
309 3242 355 3290 est
376 3247 468 3288 veros
489 3247 635 3288 numeros
655 3247 848 3308 assequutus.
891 3226 958 3286 Nec
976 3245 1032 3304 qur
1023 3224 1193 3284 ’'deinds
1184 3244 1220 3283 ιιι

207 3333 540 3394 ¹commentationibus
562 3333 743 3393 Academiae
764 3333 1010 3412 inscriptionum
1030 3329 1220 3408 ¹Parisiensis
1254 3312 1256 3317 Α

212 3436 258 3498 T.
266 3436 369 3498 XLVI.
385 3452 484 3494 metra
495 3437 624 3496 Pindari
636 3446 897 3497 resurrecturum
910 3431 1068 3514 professus
1080 3432 1220 3503 est,Vau·

214 3541 357 3609 villiers,
381 3558 525 3618 magnam
543 3539 810 3624 exspectationem
829 3538 1010 3596 concitauit
1020 3529 1022 3532 ’
1053 3535 1120 3616 Qui
1141 3553 1221 3615 quae
1277 3582 1282 3592 .

171 3680 176 3689 ·
207 3645 254 3706 'in
268 3644 329 3704 hoc
345 3662 461 3723 genere
476 3642 650 3739 specimina
664 3640 804 3734 edidit,
795 3660 831 3702 ιιι
848 3640 887 3698 iis
900 3640 948 3699 vti
964 3638 1116 3717 quasdam
1134 3656 1235 3705 vera„

214 3749 261 3810 ita
291 3745 424 3833 plurima
451 3764 546 3826 quum
572 3744 607 3804 iu
631 3759 736 3806 metro
763 3758 831 3803 tum
859 3743 896 3802 iu
923 3743 1069 3821 prosodia
1096 3762 1221 3824 qnoque

213 3851 383 3917 falsissima
405 3862 491 3912 sunt
1058 3866 1061 3870 ’

302 3954 459 4015 Nimirum
474 3951 528 4011 vbi
547 3958 629 4011 noua
644 3948 802 4028 planeque
818 3945 857 4005 ad
874 3947 1038 4028 arbitrium
1054 3962 1220 4030 poetarum

198 4032 394 4140 :composita
412 4071 517 4116 metra
538 4051 714 4134 indaganda
737 4058 827 4120 sunt,
860 4063 942 4110 certa
963 4053 1098 4130 quadam
1122 4053 1171 4110 via
1190 4058 1223 4109 et
1305 4128 1310 4139 ,

214 4165 342 4266 ratione
361 4174 449 4222 stare
467 4177 595 4242 necesse
611 4171 674 4230 est,
697 4175 758 4239 qua
777 4155 857 4218 vbi'
806 4155 1004 4262 moipiant
1024 4174 1145 4253 versus.
1168 4152 1224 4212 vbi

1098 4256 1222 4324 finiant,
