2859 4934
241 430 317 519 186
530 424 544 514 J
596 426 644 506 G.
672 425 907 508 Hermauni·

233 617 275 682 dt
295 620 373 681 istas
396 617 533 697 syllabae
552 637 620 683 non
644 621 751 689 solnm
781 636 949 704 propterea
975 637 1053 689 snut
1075 627 1227 708 ancipites,

233 724 306 807 quia
327 723 363 782 in
380 720 474 781 finem
498 716 644 784 versuum
665 725 831 813 incidunt,
853 748 965 791 verum
990 731 1087 792 etiam
1109 722 1228 814 quiam

232 827 312 908 ipsis
335 826 496 909 vocabulis
516 846 587 888 eum
615 829 721 890 locum
745 828 910 900 obtinent,
947 832 1005 911 qni
1024 851 1157 914 propter
1177 857 1227 898 nu·

232 950 371 1001 merum,
395 930 450 1008 qui
469 930 561 990 etiam
579 931 649 992 sine
665 951 758 994 versu
778 932 813 992 in
834 933 993 997 vocabulis
1001 953 1125 1029 'natura
1143 941 1227 1013 inest,

231 1052 376 1096 mensura
392 1034 513 1093 nullam
535 1032 730 1093 notationem
751 1033 855 1097 habet.
896 1037 1002 1114 Quare
1022 1042 1135 1106 sedulo
1153 1035 1228 1105 core·

131 1141 134 1148 '
174 1218 176 1223 ,
230 1153 308 1203 runt
330 1153 458 1220 poetae,
489 1150 523 1198 ut
546 1138 671 1198 mediae
700 1138 923 1217 vocabulorum
949 1143 1111 1223 syllabae,
1141 1166 1228 1228 quum

232 1245 268 1306 in
291 1241 369 1304 fines
389 1262 538 1304 versuum
558 1239 721 1308 incidunt,
741 1243 829 1302 omni
853 1262 996 1308 carerent
1017 1251 1225 1331 ambiguitate,
1245 1291 1248 1295 -

230 1363 325 1429 atque
338 1347 526 1409 examussim
541 1365 610 1406 cum
629 1346 723 1404 metri
737 1345 808 1426 lege
820 1352 1040 1416 conuenirent.
1077 1355 1124 1415 Ita
1138 1371 1227 1436 quun

227 1452 384 1518 Pindarus
404 1449 597 1531 01ymp.111‚
614 1454 660 1510 28.
681 1448 837 1531 scripsits'

268 1648 273 1659 1
329 1546 444 1654 δᾶμον
468 1546 727 1658 ’Ὑπερβορέων
751 1551 896 1637 πείσαις
915 1553 1067 1640 Ἀπόλ.

378 1681 495 1756 hovas
519 1669 747 1778 θεράποντα
772 1672 896 1782 λόγῳ,

200 1831 204 1851 ·
228 1799 316 1885 prior
332 1815 443 1858 versus
458 1812 525 1855 non
545 1810 591 1856 est
607 1796 779 1874 dactylicus
793 1811 991 1875 tetrameter,
1012 1805 1089 1886 quia
1104 1804 1222 1868 vlumus

207 1904 285 1986 'pes
310 1901 399 1962 nullo
424 1913 512 1981 pacto
532 1919 590 1982 pro
612 1901 736 1980 dactylo
762 1900 871 1964 haberi
891 1884 1006 1985 potest.
1050 1911 1175 1972 Etenim
1191 1913 1222 1972 in

227 2002 436 2086 dactylicossi
461 2023 533 2086 pars
558 2004 703 2065 vocabuli
730 2006 765 2065 in
795 2025 981 2089 sequentem
1006 2031 1131 2074 versum
1159 2013 1221 2074 reii-

227 2112 340 2175 cienda
371 2121 454 2178 erat,
489 2109 666 2169 necessario
696 2109 804 2170 vltima
831 2114 950 2191 syllaba
979 2129 1093 2177 natura
1122 2116 1223 2178 breuis

225 2231 294 2274 esse
316 2209 471 2283 debebat,
499 2222 536 2270 vt
558 2210 642 2294 apud
663 2209 853 2295 Sophoclem
875 2219 912 2279 in
934 2217 1063 2301 Oedipo
1084 2217 1221 2284 Coloneo

222 2335 257 2382 v·
278 2317 348 2394 243.
450 2349 453 2355 ·
1046 2309 1049 2313 ’

306 2417 361 2486 τοῦ
380 2408 608 2499 tenderemus,
630 2410 773 2497 ἄντομαι,
795 2417 849 2482 so’e
867 2417 947 2484 a’ts-

349 2524 396 2588 cie
413 2523 623 2602 recooperandum
645 2513 729 2596 ὄμμα
749 2520 801 2584 cdv
821 2519 961 2600 ὄμμασιν.

114 2699 117 2707 ,
224 2631 331 2708 Quare
362 2623 565 2715 uehementer
591 2625 715 2698 erraui,
751 2646 851 2708 quum
875 2630 909 2688 in
938 2629 1020 2690 libro
1050 2627 1093 2690 de
1122 2628 1220 2691 metris
1256 2618 1261 2628 ’

224 2759 257 2820 p.
275 2731 342 2794 266.
365 2727 518 2805 Aeschylo
546 2728 583 2786 in
608 2728 839 2807 Agamemnone
860 2751 890 2792 v.
910 2750 976 2807 134.
1003 2734 1092 2795 istud
1117 2735 1221 2793 vitium

194 2822 199 2837 ¹
225 2839 353 2905 affinxi,
375 2834 409 2893 in
430 2849 491 2912 quo
509 2832 579 2893 loco
600 2852 659 2893 nec
680 2827 881 2914 reportabis,
904 2854 965 2894 nec
984 2839 1155 2913 φανέντες,
1173 2855 1220 2897 ne

223 2966 285 3029 que
304 2937 443 3002 Schi'ttzii
460 2939 648 3018 rpsrorslco
663 2935 824 3017 repudiari
843 2936 988 3025 debebat,
1013 2941 1071 3001 sed
1092 2942 1137 3001 ita
1153 2942 1220 3003 scri·

222 3050 362 3116 bendum
385 3053 469 3102 erat:
559 3042 563 3050 '

304 3146 413 3219 sinetis
434 3137 580 3220 βασιλεῦς
601 3137 759 3216 βασιλεῦσι
780 3161 828 3202 vs·
944 3211 946 3213 ¹

344 3249 386 3312 siv
403 3245 421 3310 s‘
440 3241 591 3316 nutstede,
620 3238 637 3304 ὅ
658 3248 688 3307 ν’
709 3240 813 3313 ἐξόπιν
830 3240 940 3327 sipylum

305 3357 456 3437 φανέντες
473 3346 561 3429 ἴκταρ
580 3344 761 3429 μελάθρων,

113 3482 117 3491 “
220 3479 252 3528 et
276 3482 356 3545 quae
376 3468 560 3538 sequuntur.
610 3451 842 3534 Antistrophica
862 3465 966 3514 autem
986 3449 1033 3513 sic
1058 3452 1224 3536 oportebat

219 3568 395 3647 corrigere:

302 3640 429 3742 οἷον.μῆ
447 3655 557 3723 θεόθεν
576 3654 715 3742 κνεφοὲσῄ
734 3678 846 3740 mpero.

342 3770 426 3833 τεῒν
448 3761 508 3826 rire
525 3758 645 3838 στόμιον
664 3765 745 3837 μέγα
766 3761 795 3823 Τ
795 3764 880 3846 polae

293 3866 496 3961 ›orpersvddm

218 3981 406 4046 Scholiastes
426 3957 471 4034 ibi
490 3990 556 4032 non
583 3967 707 4029 videtur
731 3966 778 4036 τὶς
797 3967 953 4028 habuisse.
1002 3967 1123 4044 Eadem
1147 3984 1224 4029 vero

132 4115 135 4120 ·
218 4088 300 4149 ratio
323 4085 417 4146 etiam
440 4079 474 4137 in
494 4074 704 4136 commissuris
730 4093 879 4132 versuum
898 4087 1152 4150 asynartetorum
1170 4071 1224 4134 ob·

217 4190 310 4253 tinet.
352 4182 566 4268 Quamobrem
584 4179 667 4241 recte
684 4178 888 4241 Archilochus
905 4197 953 4258 ap.
968 4176 1143 4259 Hephaest.

1174 4257 1226 4322 καὶ
