<?xml version="1.0" encoding="UTF-8"?>
<!DOCTYPE html PUBLIC "-//W3C//DTD XHTML 1.0 Transitional//EN"
    "http://www.w3.org/TR/xhtml1/DTD/xhtml1-transitional.dtd">
<html xmlns="http://www.w3.org/1999/xhtml" xml:lang="en" lang="en">
 <head>
  <title>
</title>
<meta http-equiv="Content-Type" content="text/html;charset=utf-8" />
  <meta name='ocr-system' content='tesseract 3.04.00' />
  <meta name='ocr-capabilities' content='ocr_page ocr_carea ocr_par ocr_line ocrx_word'/>
</head>
<body>
  <div class='ocr_page' id='page_1' title='image "./pindaricarminae03pindgoog_0217.png"; bbox 0 0 2859 4934; ppageno 0'>
   <div class='ocr_carea' id='block_1_1' title="bbox 267 245 1167 370">
    <p class='ocr_par' dir='ltr' id='par_1_1' title="bbox 267 245 1167 370">
     <span class='ocr_line' id='line_1_1' title="bbox 267 245 1167 370; baseline 0.007 -20"><span class='ocrx_word' id='word_1_1' title='bbox 267 268 556 352; x_wconf 65' lang='lat' dir='ltr'><strong>Camasenae</strong></span> <span class='ocrx_word' id='word_1_2' title='bbox 583 267 707 349; x_wconf 85' lang='lat' dir='ltr'><strong>metris</strong></span> <span class='ocrx_word' id='word_1_3' title='bbox 733 245 890 352; x_wconf 84' lang='lat' dir='ltr'><strong>Pindari.</strong></span> <span class='ocrx_word' id='word_1_4' title='bbox 927 265 969 354; x_wconf 84' lang='lat' dir='ltr'><strong>P.</strong></span> <span class='ocrx_word' id='word_1_5' title='bbox 987 289 1021 355; x_wconf 88' lang='grc' dir='ltr'><strong>ι.·</strong></span> <span class='ocrx_word' id='word_1_6' title='bbox 1079 298 1167 370; x_wconf 59' lang='grc' dir='ltr'>ιιι,</span> 
     </span>
    </p>
   </div>
   <div class='ocr_carea' id='block_1_2' title="bbox 85 458 1250 1482">
    <p class='ocr_par' dir='ltr' id='par_1_2' title="bbox 85 458 1250 1482">
     <span class='ocr_line' id='line_1_2' title="bbox 90 458 1161 548; baseline 0.008 -24"><span class='ocrx_word' id='word_1_7' title='bbox 90 510 96 515; x_wconf 89' lang='grc'>-</span> <span class='ocrx_word' id='word_1_8' title='bbox 121 478 185 541; x_wconf 48' lang='grc' dir='ltr'><strong>,γε</strong></span> <span class='ocrx_word' id='word_1_9' title='bbox 200 464 242 526; x_wconf 84' lang='lat' dir='ltr'><strong>ds</strong></span> <span class='ocrx_word' id='word_1_10' title='bbox 263 485 349 527; x_wconf 90' lang='lat' dir='ltr'><strong>more</strong></span> <span class='ocrx_word' id='word_1_11' title='bbox 366 479 399 525; x_wconf 88' lang='lat' dir='ltr'><strong>et</strong></span> <span class='ocrx_word' id='word_1_12' title='bbox 413 461 645 525; x_wconf 84' lang='lat' dir='ltr'><strong>consuetudine</strong></span> <span class='ocrx_word' id='word_1_13' title='bbox 664 458 795 525; x_wconf 82' lang='lat' dir='ltr'><strong>Pindari</strong></span> <span class='ocrx_word' id='word_1_14' title='bbox 809 469 953 533; x_wconf 70' lang='lat' dir='ltr'><strong>constet,</strong></span> <span class='ocrx_word' id='word_1_15' title='bbox 968 473 1050 548; x_wconf 85' lang='lat' dir='ltr'><strong>quae&#39;</strong></span> <span class='ocrx_word' id='word_1_16' title='bbox 1063 472 1161 541; x_wconf 88' lang='lat' dir='ltr'><strong>etiam</strong></span> 
     </span>
     <span class='ocr_line' id='line_1_3' title="bbox 142 566 1161 656; baseline 0.009 -29"><span class='ocrx_word' id='word_1_17' title='bbox 142 569 185 632; x_wconf 83' lang='lat' dir='ltr'><strong>in</strong></span> <span class='ocrx_word' id='word_1_18' title='bbox 213 569 344 628; x_wconf 88' lang='lat' dir='ltr'><strong>aliorum</strong></span> <span class='ocrx_word' id='word_1_19' title='bbox 370 569 549 648; x_wconf 84' lang='lat' dir='ltr'><strong>lyricorum·</strong></span> <span class='ocrx_word' id='word_1_20' title='bbox 567 566 762 632; x_wconf 76' lang='lat' dir='ltr'><strong>carminibus</strong></span> <span class='ocrx_word' id='word_1_21' title='bbox 787 567 991 632; x_wconf 74' lang='lat' dir='ltr'>emendandis</span> <span class='ocrx_word' id='word_1_22' title='bbox 1014 594 1161 656; x_wconf 77' lang='lat' dir='ltr'><strong>magnam</strong></span> 
     </span>
     <span class='ocr_line' id='line_1_4' title="bbox 90 666 1161 751; baseline 0.004 -18"><span class='ocrx_word' id='word_1_23' title='bbox 90 734 93 738; x_wconf 81' lang='grc'><em>,</em></span> <span class='ocrx_word' id='word_1_24' title='bbox 145 672 215 734; x_wconf 80' lang='lat' dir='ltr'><strong>vim</strong></span> <span class='ocrx_word' id='word_1_25' title='bbox 236 685 268 731; x_wconf 89' lang='lat' dir='ltr'><strong>et</strong></span> <span class='ocrx_word' id='word_1_26' title='bbox 291 682 382 731; x_wconf 82' lang='lat' dir='ltr'><strong>veum</strong></span> <span class='ocrx_word' id='word_1_27' title='bbox 404 671 508 739; x_wconf 87' lang='lat' dir='ltr'><strong>hahet,</strong></span> <span class='ocrx_word' id='word_1_28' title='bbox 533 683 602 729; x_wconf 87' lang='lat' dir='ltr'><strong>tum</strong></span> <span class='ocrx_word' id='word_1_29' title='bbox 624 681 660 727; x_wconf 84' lang='lat' dir='ltr'><strong>vt</strong></span> <span class='ocrx_word' id='word_1_30' title='bbox 683 666 741 728; x_wconf 91' lang='lat' dir='ltr'><strong>hac</strong></span> <span class='ocrx_word' id='word_1_31' title='bbox 761 671 828 751; x_wconf 85' lang='lat' dir='ltr'><strong>ipsa</strong></span> <span class='ocrx_word' id='word_1_32' title='bbox 852 688 1022 737; x_wconf 83' lang='lat' dir='ltr'><strong>metrorum</strong></span> <span class='ocrx_word' id='word_1_33' title='bbox 1045 679 1161 741; x_wconf 59' lang='lat' dir='ltr'><strong>Pinda÷</strong></span> 
     </span>
     <span class='ocr_line' id='line_1_5' title="bbox 144 774 1239 861; baseline 0.007 -23"><span class='ocrx_word' id='word_1_34' title='bbox 144 776 287 838; x_wconf 74' lang='lat' dir='ltr'><strong>uicorum</strong></span> <span class='ocrx_word' id='word_1_35' title='bbox 306 774 506 835; x_wconf 82' lang='lat' dir='ltr'><strong>enarratione</strong></span> <span class='ocrx_word' id='word_1_36' title='bbox 522 785 660 861; x_wconf 85' lang='lat' dir='ltr'><strong>nostram</strong></span> <span class='ocrx_word' id='word_1_37' title='bbox 679 790 826 835; x_wconf 86' lang='lat' dir='ltr'><strong>versuum</strong></span> <span class='ocrx_word' id='word_1_38' title='bbox 847 776 1092 860; x_wconf 72' lang='lat' dir='ltr'><strong>descriptionem</strong></span> <span class='ocrx_word' id='word_1_39' title='bbox 1110 785 1161 845; x_wconf 85' lang='lat' dir='ltr'><strong>lir-</strong></span> <span class='ocrx_word' id='word_1_40' title='bbox 1237 840 1239 845; x_wconf 92' lang='lat'>.</span> 
     </span>
     <span class='ocr_line' id='line_1_6' title="bbox 129 856 1160 968; baseline 0.01 -28"><span class='ocrx_word' id='word_1_41' title='bbox 129 856 287 947; x_wconf 62' lang='lat' dir='ltr'><strong>memus,</strong></span> <span class='ocrx_word' id='word_1_42' title='bbox 307 896 481 958; x_wconf 89' lang='lat' dir='ltr'><strong>eorumque</strong></span> <span class='ocrx_word' id='word_1_43' title='bbox 496 875 679 957; x_wconf 84' lang='lat' dir='ltr'><strong>effugiamus</strong></span> <span class='ocrx_word' id='word_1_44' title='bbox 697 877 942 958; x_wconf 82' lang='lat' dir='ltr'><strong>criminationes,</strong></span> <span class='ocrx_word' id='word_1_45' title='bbox 964 886 1019 966; x_wconf 90' lang='lat' dir='ltr'><strong>qni</strong></span> <span class='ocrx_word' id='word_1_46' title='bbox 1035 873 1160 968; x_wconf 78' lang='lat' dir='ltr'><strong>aegrius</strong></span> 
     </span>
     <span class='ocr_line' id='line_1_7' title="bbox 144 980 1159 1072; baseline 0.011 -30"><span class='ocrx_word' id='word_1_47' title='bbox 144 981 189 1042; x_wconf 86' lang='lat' dir='ltr'><strong>ab</strong></span> <span class='ocrx_word' id='word_1_48' title='bbox 211 981 395 1043; x_wconf 75' lang='lat' dir='ltr'><strong>inueteratis</strong></span> <span class='ocrx_word' id='word_1_49' title='bbox 414 982 573 1042; x_wconf 90' lang='lat' dir='ltr'><strong>erroribus</strong></span> <span class='ocrx_word' id='word_1_50' title='bbox 595 980 705 1040; x_wconf 90' lang='lat' dir='ltr'><strong>diuelli</strong></span> <span class='ocrx_word' id='word_1_51' title='bbox 731 985 801 1042; x_wconf 80' lang='lat' dir='ltr'><strong>sese</strong></span> <span class='ocrx_word' id='word_1_52' title='bbox 817 987 989 1062; x_wconf 85' lang='lat' dir='ltr'><strong>patiuntur.</strong></span> <span class='ocrx_word' id='word_1_53' title='bbox 1033 991 1070 1049; x_wconf 92' lang='lat' dir='ltr'><strong>In</strong></span> <span class='ocrx_word' id='word_1_54' title='bbox 1094 1012 1159 1072; x_wconf 88' lang='lat' dir='ltr'><strong>qua</strong></span> 
     </span>
     <span class='ocr_line' id='line_1_8' title="bbox 143 1083 1250 1174; baseline 0.014 -30"><span class='ocrx_word' id='word_1_55' title='bbox 143 1083 366 1164; x_wconf 86' lang='lat' dir='ltr'><strong>disputatione</strong></span> <span class='ocrx_word' id='word_1_56' title='bbox 389 1083 533 1144; x_wconf 86' lang='lat' dir='ltr'><strong>ordinem</strong></span> <span class='ocrx_word' id='word_1_57' title='bbox 562 1094 733 1164; x_wconf 80' lang='lat' dir='ltr'><strong>sequemur</strong></span> <span class='ocrx_word' id='word_1_58' title='bbox 758 1100 857 1160; x_wconf 86' lang='lat' dir='ltr'><strong>eum,</strong></span> <span class='ocrx_word' id='word_1_59' title='bbox 898 1108 990 1168; x_wconf 88' lang='lat' dir='ltr'><strong>quem</strong></span> <span class='ocrx_word' id='word_1_60' title='bbox 1015 1094 1081 1174; x_wconf 88' lang='lat' dir='ltr'><strong>ipsa</strong></span> <span class='ocrx_word' id='word_1_61' title='bbox 1109 1097 1159 1158; x_wconf 88' lang='lat' dir='ltr'><strong>rei</strong></span> <span class='ocrx_word' id='word_1_62' title='bbox 1248 1085 1250 1090; x_wconf 50' lang='grc'>’</span> 
     </span>
     <span class='ocr_line' id='line_1_9' title="bbox 85 1189 1158 1268; baseline 0.01 -20"><span class='ocrx_word' id='word_1_63' title='bbox 85 1194 119 1253; x_wconf 85' lang='grc'><strong>’,</strong></span> <span class='ocrx_word' id='word_1_64' title='bbox 143 1200 259 1249; x_wconf 83' lang='lat' dir='ltr'><strong>natura</strong></span> <span class='ocrx_word' id='word_1_65' title='bbox 280 1189 499 1259; x_wconf 86' lang='lat' dir='ltr'><strong>commendat,</strong></span> <span class='ocrx_word' id='word_1_66' title='bbox 530 1202 566 1247; x_wconf 85' lang='lat' dir='ltr'><strong>vt</strong></span> <span class='ocrx_word' id='word_1_67' title='bbox 589 1207 605 1246; x_wconf 88' lang='lat' dir='ltr'><strong>a</strong></span> <span class='ocrx_word' id='word_1_68' title='bbox 634 1189 879 1268; x_wconf 74' lang='lat' dir='ltr'><strong>simplicissimis</strong></span> <span class='ocrx_word' id='word_1_69' title='bbox 898 1194 1041 1253; x_wconf 86' lang='lat' dir='ltr'><strong>numeris</strong></span> <span class='ocrx_word' id='word_1_70' title='bbox 1060 1196 1158 1260; x_wconf 83' lang='lat' dir='ltr'><strong>initio</strong></span> 
     </span>
     <span class='ocr_line' id='line_1_10' title="bbox 133 1284 1154 1381; baseline 0.011 -29"><span class='ocrx_word' id='word_1_71' title='bbox 133 1288 231 1365; x_wconf 66' lang='lat' dir='ltr'><strong>Iacto</strong></span> <span class='ocrx_word' id='word_1_72' title='bbox 266 1289 387 1369; x_wconf 81' lang='lat' dir='ltr'><strong>reliqua</strong></span> <span class='ocrx_word' id='word_1_73' title='bbox 414 1291 567 1376; x_wconf 87' lang='lat' dir='ltr'><strong>deinceps</strong></span> <span class='ocrx_word' id='word_1_74' title='bbox 592 1304 694 1356; x_wconf 84' lang='lat' dir='ltr'><strong>metra</strong></span> <span class='ocrx_word' id='word_1_75' title='bbox 725 1310 784 1354; x_wconf 87' lang='lat' dir='ltr'><strong>suo</strong></span> <span class='ocrx_word' id='word_1_76' title='bbox 809 1313 953 1378; x_wconf 85' lang='lat' dir='ltr'><strong>quaeque</strong></span> <span class='ocrx_word' id='word_1_77' title='bbox 979 1299 1016 1358; x_wconf 90' lang='lat' dir='ltr'><strong>in</strong></span> <span class='ocrx_word' id='word_1_78' title='bbox 1036 1284 1154 1381; x_wconf 76' lang='lat' dir='ltr'><strong>genere</strong></span> 
     </span>
     <span class='ocr_line' id='line_1_11' title="bbox 139 1413 385 1482; baseline 0 -23"><span class='ocrx_word' id='word_1_79' title='bbox 139 1413 385 1482; x_wconf 83' lang='lat' dir='ltr'><strong>persequamur.</strong></span> 
     </span>
    </p>
   </div>
   <div class='ocr_carea' id='block_1_3' title="bbox 601 1538 753 1638">
    <p class='ocr_par' dir='ltr' id='par_1_3' title="bbox 601 1538 753 1638">
     <span class='ocr_line' id='line_1_12' title="bbox 601 1538 753 1638; baseline 0.026 -4"><span class='ocrx_word' id='word_1_80' title='bbox 601 1538 698 1634; x_wconf 81' lang='lat' dir='ltr'><strong>vni.</strong></span> <span class='ocrx_word' id='word_1_81' title='bbox 750 1632 753 1638; x_wconf 18' lang='grc' dir='ltr'>ι</span> 
     </span>
    </p>
   </div>
   <div class='ocr_carea' id='block_1_4' title="bbox 415 1715 881 1808">
    <p class='ocr_par' dir='ltr' id='par_1_4' title="bbox 415 1715 881 1808">
     <span class='ocr_line' id='line_1_13' title="bbox 415 1715 881 1808; baseline 0.002 -22"><span class='ocrx_word' id='word_1_82' title='bbox 415 1718 476 1787; x_wconf 85' lang='lat' dir='ltr'><strong>De</strong></span> <span class='ocrx_word' id='word_1_83' title='bbox 503 1716 659 1808; x_wconf 84' lang='lat' dir='ltr'><strong>versibus</strong></span> <span class='ocrx_word' id='word_1_84' title='bbox 688 1715 881 1797; x_wconf 76' lang='lat' dir='ltr'><strong>trochaicis.</strong></span> 
     </span>
    </p>
   </div>
   <div class='ocr_carea' id='block_1_5' title="bbox 85 1865 1228 3199">
    <p class='ocr_par' dir='ltr' id='par_1_5' title="bbox 136 1865 1228 2576">
     <span class='ocr_line' id='line_1_14' title="bbox 226 1865 1186 1950; baseline 0.002 -18"><span class='ocrx_word' id='word_1_85' title='bbox 226 1865 271 1932; x_wconf 74' lang='lat' dir='ltr'><strong>Ac</strong></span> <span class='ocrx_word' id='word_1_86' title='bbox 288 1866 423 1950; x_wconf 89' lang='lat' dir='ltr'><strong>primum</strong></span> <span class='ocrx_word' id='word_1_87' title='bbox 441 1869 543 1948; x_wconf 85' lang='lat' dir='ltr'><strong>locum</strong></span> <span class='ocrx_word' id='word_1_88' title='bbox 569 1869 710 1930; x_wconf 82' lang='lat' dir='ltr'><strong>trochaei</strong></span> <span class='ocrx_word' id='word_1_89' title='bbox 732 1876 860 1941; x_wconf 86' lang='lat' dir='ltr'><strong>renent,</strong></span> <span class='ocrx_word' id='word_1_90' title='bbox 889 1869 924 1929; x_wconf 91' lang='lat' dir='ltr'><strong>in</strong></span> <span class='ocrx_word' id='word_1_91' title='bbox 948 1868 1062 1949; x_wconf 90' lang='lat' dir='ltr'><strong>quihus</strong></span> <span class='ocrx_word' id='word_1_92' title='bbox 1079 1869 1156 1935; x_wconf 64' lang='lat' dir='ltr'><strong>Pte</strong></span> <span class='ocrx_word' id='word_1_93' title='bbox 1184 1887 1186 1892; x_wconf 88' lang='grc'><strong><em>·</em></strong></span> 
     </span>
     <span class='ocr_line' id='line_1_15' title="bbox 138 1963 1192 2054; baseline 0.006 -22"><span class='ocrx_word' id='word_1_94' title='bbox 138 1969 256 2042; x_wconf 79' lang='lat' dir='ltr'><strong>durus,</strong></span> <span class='ocrx_word' id='word_1_95' title='bbox 286 1973 340 2053; x_wconf 91' lang='lat' dir='ltr'><strong>qui</strong></span> <span class='ocrx_word' id='word_1_96' title='bbox 362 1986 396 2031; x_wconf 88' lang='lat' dir='ltr'><strong>vt</strong></span> <span class='ocrx_word' id='word_1_97' title='bbox 421 1972 538 2052; x_wconf 88' lang='lat' dir='ltr'><strong>lyricus</strong></span> <span class='ocrx_word' id='word_1_98' title='bbox 561 1979 654 2054; x_wconf 81' lang='lat' dir='ltr'><strong>p&#39;oeta</strong></span> <span class='ocrx_word' id='word_1_99' title='bbox 675 1993 691 2031; x_wconf 87' lang='lat' dir='ltr'><strong>a</strong></span> <span class='ocrx_word' id='word_1_100' title='bbox 713 1975 905 2033; x_wconf 86' lang='lat' dir='ltr'><strong>comicorum</strong></span> <span class='ocrx_word' id='word_1_101' title='bbox 929 1975 1056 2035; x_wconf 86' lang='lat' dir='ltr'><strong>licentia</strong></span> <span class='ocrx_word' id='word_1_102' title='bbox 1079 1963 1192 2038; x_wconf 41' lang='lat' dir='ltr'><strong>alie-‘¹&#39;</strong></span> 
     </span>
     <span class='ocr_line' id='line_1_16' title="bbox 136 2060 1154 2163; baseline 0.003 -25"><span class='ocrx_word' id='word_1_103' title='bbox 136 2077 293 2138; x_wconf 78' lang='lat' dir='ltr'><strong>missimus</strong></span> <span class='ocrx_word' id='word_1_104' title='bbox 313 2091 381 2163; x_wconf 76' lang='lat' dir='ltr'><strong>est,</strong></span> <span class='ocrx_word' id='word_1_105' title='bbox 401 2094 468 2136; x_wconf 89' lang='lat' dir='ltr'><strong>uon</strong></span> <span class='ocrx_word' id='word_1_106' title='bbox 489 2076 548 2135; x_wconf 85' lang='lat' dir='ltr'><strong>alia</strong></span> <span class='ocrx_word' id='word_1_107' title='bbox 566 2078 663 2135; x_wconf 89' lang='lat' dir='ltr'><strong>vtitur</strong></span> <span class='ocrx_word' id='word_1_108' title='bbox 684 2060 853 2148; x_wconf 83' lang='lat' dir='ltr'><strong>libertate,</strong></span> <span class='ocrx_word' id='word_1_109' title='bbox 867 2097 960 2158; x_wconf 84' lang='lat' dir='ltr'><strong>quam</strong></span> <span class='ocrx_word' id='word_1_110' title='bbox 978 2098 1058 2159; x_wconf 87' lang='lat' dir='ltr'><strong>quae</strong></span> <span class='ocrx_word' id='word_1_111' title='bbox 1077 2100 1154 2141; x_wconf 90' lang='lat' dir='ltr'><strong>cum</strong></span> 
     </span>
     <span class='ocr_line' id='line_1_17' title="bbox 138 2181 1154 2264; baseline 0 -20"><span class='ocrx_word' id='word_1_112' title='bbox 138 2198 267 2244; x_wconf 77' lang='lat' dir='ltr'><strong>summa</strong></span> <span class='ocrx_word' id='word_1_113' title='bbox 290 2181 364 2241; x_wconf 87' lang='lat' dir='ltr'><strong>artis</strong></span> <span class='ocrx_word' id='word_1_114' title='bbox 392 2181 558 2240; x_wconf 79' lang='lat' dir='ltr'><strong>seueritate</strong></span> <span class='ocrx_word' id='word_1_115' title='bbox 580 2183 746 2241; x_wconf 89' lang='lat' dir='ltr'><strong>conciliari</strong></span> <span class='ocrx_word' id='word_1_116' title='bbox 763 2182 870 2260; x_wconf 88' lang='lat' dir='ltr'><strong>possit.</strong></span> <span class='ocrx_word' id='word_1_117' title='bbox 922 2181 1033 2241; x_wconf 89' lang='lat' dir='ltr'><strong>Nam</strong></span> <span class='ocrx_word' id='word_1_118' title='bbox 1023 2185 1154 2264; x_wconf 82' lang='lat' dir='ltr'><strong>impari·</strong></span> 
     </span>
     <span class='ocr_line' id='line_1_18' title="bbox 89 2282 1153 2368; baseline 0.002 -21.098"><span class='ocrx_word' id='word_1_119' title='bbox 89 2284 202 2347; x_wconf 89' lang='lat' dir='ltr'><strong>·bus</strong></span> <span class='ocrx_word' id='word_1_120' title='bbox 226 2284 321 2354; x_wconf 90' lang='lat' dir='ltr'><strong>locis,</strong></span> <span class='ocrx_word' id='word_1_121' title='bbox 347 2282 402 2362; x_wconf 88' lang='lat' dir='ltr'><strong>qui</strong></span> <span class='ocrx_word' id='word_1_122' title='bbox 425 2294 597 2354; x_wconf 82' lang='lat' dir='ltr'><strong>vocantur,</strong></span> <span class='ocrx_word' id='word_1_123' title='bbox 625 2304 701 2347; x_wconf 89' lang='grc' dir='ltr'>ιιοιι</span> <span class='ocrx_word' id='word_1_124' title='bbox 727 2284 792 2343; x_wconf 90' lang='lat' dir='ltr'><strong>nisi</strong></span> <span class='ocrx_word' id='word_1_125' title='bbox 824 2285 1036 2362; x_wconf 83' lang='lat' dir='ltr'><strong>tribrachum,</strong></span> <span class='ocrx_word' id='word_1_126' title='bbox 1071 2289 1153 2368; x_wconf 87' lang='lat' dir='ltr'><strong>pari·</strong></span> 
     </span>
     <span class='ocr_line' id='line_1_19' title="bbox 85 2372 1205 2475; baseline 0.001 -24.051"><span class='ocrx_word' id='word_1_127' title='bbox 85 2372 201 2451; x_wconf 89' lang='lat' dir='ltr'><strong>bus</strong></span> <span class='ocrx_word' id='word_1_128' title='bbox 223 2403 329 2449; x_wconf 87' lang='lat' dir='ltr'><strong>autem</strong></span> <span class='ocrx_word' id='word_1_129' title='bbox 351 2388 458 2448; x_wconf 87' lang='lat' dir='ltr'><strong>stiam</strong></span> <span class='ocrx_word' id='word_1_130' title='bbox 467 2374 648 2475; x_wconf 79' lang='lat' dir='ltr'><strong>spondeum</strong></span> <span class='ocrx_word' id='word_1_131' title='bbox 668 2394 761 2468; x_wconf 80' lang='lat' dir='ltr'><strong>atqu&#39;e</strong></span> <span class='ocrx_word' id='word_1_132' title='bbox 779 2402 988 2467; x_wconf 83' lang='lat' dir='ltr'><strong>anapaestum</strong></span> <span class='ocrx_word' id='word_1_133' title='bbox 1010 2380 1205 2466; x_wconf 85' lang='lat' dir='ltr'><strong>adhibet,</strong></span> 
     </span>
     <span class='ocr_line' id='line_1_20' title="bbox 138 2487 1228 2601; baseline 0.001 -45"><span class='ocrx_word' id='word_1_134' title='bbox 138 2493 301 2601; x_wconf 72' lang='lat' dir='ltr'><strong>siquidem</strong></span> <span class='ocrx_word' id='word_1_135' title='bbox 317 2511 427 2552; x_wconf 84' lang='lat' dir='ltr'><strong>versus</strong></span> <span class='ocrx_word' id='word_1_136' title='bbox 450 2487 648 2568; x_wconf 85' lang='lat' dir='ltr'><strong>edipodiis,</strong></span> <span class='ocrx_word' id='word_1_137' title='bbox 668 2490 701 2549; x_wconf 90' lang='lat' dir='ltr'><strong>id</strong></span> <span class='ocrx_word' id='word_1_138' title='bbox 720 2504 784 2575; x_wconf 82' lang='lat' dir='ltr'><strong>est,</strong></span> <span class='ocrx_word' id='word_1_139' title='bbox 808 2511 847 2553; x_wconf 86' lang='lat' dir='ltr'><strong>ex</strong></span> <span class='ocrx_word' id='word_1_140' title='bbox 864 2492 1029 2556; x_wconf 79' lang='lat' dir='ltr'><strong>ordinibus</strong></span> <span class='ocrx_word' id='word_1_141' title='bbox 1050 2496 1153 2576; x_wconf 87' lang='lat' dir='ltr'><strong>perio·</strong></span> <span class='ocrx_word' id='word_1_142' title='bbox 1219 2502 1228 2563; x_wconf 80' lang='grc'><strong>,’</strong></span> 
     </span>
    </p>

    <p class='ocr_par' dir='ltr' id='par_1_6' title="bbox 111 2566 1154 2895">
     <span class='ocr_line' id='line_1_21' title="bbox 111 2566 1154 2677; baseline 0.007 -24"><span class='ocrx_word' id='word_1_143' title='bbox 111 2596 222 2658; x_wconf 79' lang='lat' dir='ltr'><strong>¹dicis</strong></span> <span class='ocrx_word' id='word_1_144' title='bbox 245 2582 424 2677; x_wconf 85' lang='lat' dir='ltr'><strong>duplicibus</strong></span> <span class='ocrx_word' id='word_1_145' title='bbox 448 2604 582 2652; x_wconf 87' lang='lat' dir='ltr'><strong>constat.</strong></span> <span class='ocrx_word' id='word_1_146' title='bbox 630 2591 709 2653; x_wconf 86' lang='lat' dir='ltr'><strong>Nam</strong></span> <span class='ocrx_word' id='word_1_147' title='bbox 733 2566 788 2657; x_wconf 85' lang='lat' dir='ltr'><strong>vbi</strong></span> <span class='ocrx_word' id='word_1_148' title='bbox 813 2598 1011 2676; x_wconf 85' lang='lat' dir='ltr'><strong>longioribus</strong></span> <span class='ocrx_word' id='word_1_149' title='bbox 1032 2601 1154 2660; x_wconf 88' lang='lat' dir='ltr'><strong>ordini·</strong></span> 
     </span>
     <span class='ocr_line' id='line_1_22' title="bbox 138 2689 1152 2784; baseline -0.001 -20"><span class='ocrx_word' id='word_1_150' title='bbox 138 2703 201 2764; x_wconf 85' lang='lat' dir='ltr'><strong>bus</strong></span> <span class='ocrx_word' id='word_1_151' title='bbox 228 2703 409 2772; x_wconf 65' lang='lat' dir='ltr'><strong>vtituwvt</strong></span> <span class='ocrx_word' id='word_1_152' title='bbox 437 2695 556 2776; x_wconf 84' lang='lat' dir='ltr'><strong>triplici</strong></span> <span class='ocrx_word' id='word_1_153' title='bbox 582 2697 760 2761; x_wconf 86' lang='lat' dir='ltr'><strong>catalectico</strong></span> <span class='ocrx_word' id='word_1_154' title='bbox 789 2689 956 2780; x_wconf 70' lang='lat' dir='ltr'><strong>Olympi.</strong></span> <span class='ocrx_word' id='word_1_155' title='bbox 985 2703 1104 2784; x_wconf 87' lang='lat' dir='ltr'><strong>stroph.</strong></span> <span class='ocrx_word' id='word_1_156' title='bbox 1121 2709 1152 2768; x_wconf 89' lang='lat'><strong>8.</strong></span> 
     </span>
     <span class='ocr_line' id='line_1_23' title="bbox 137 2801 1152 2895; baseline 0.005 -31"><span class='ocrx_word' id='word_1_157' title='bbox 137 2801 386 2885; x_wconf 82' lang='lat' dir='ltr'><strong>Pyth.11.ep.6.</strong></span> <span class='ocrx_word' id='word_1_158' title='bbox 407 2801 469 2860; x_wconf 69' lang='lat' dir='ltr'><strong>&#39;vel</strong></span> <span class='ocrx_word' id='word_1_159' title='bbox 494 2801 708 2871; x_wconf 85' lang='lat' dir='ltr'><strong>acatalectico,</strong></span> <span class='ocrx_word' id='word_1_160' title='bbox 745 2804 801 2882; x_wconf 89' lang='lat' dir='ltr'><strong>qui</strong></span> <span class='ocrx_word' id='word_1_161' title='bbox 825 2803 1060 2895; x_wconf 70' lang='lat' dir='ltr'><strong>ithyphallicos</strong></span> <span class='ocrx_word' id='word_1_162' title='bbox 1077 2808 1152 2869; x_wconf 86' lang='lat' dir='ltr'><strong>dici·</strong></span> 
     </span>
    </p>

    <p class='ocr_par' dir='ltr' id='par_1_7' title="bbox 107 2888 1196 3000">
     <span class='ocr_line' id='line_1_24' title="bbox 107 2888 1196 3000; baseline 0.006 -34"><span class='ocrx_word' id='word_1_163' title='bbox 107 2888 113 2897; x_wconf 39' lang='lat'><em>*</em></span> <span class='ocrx_word' id='word_1_164' title='bbox 139 2916 205 2974; x_wconf 86' lang='lat' dir='ltr'><strong>tur,</strong></span> <span class='ocrx_word' id='word_1_165' title='bbox 225 2902 397 2986; x_wconf 37' lang='lat' dir='ltr'><strong>Olympffv</strong></span> <span class='ocrx_word' id='word_1_166' title='bbox 418 2903 541 2985; x_wconf 87' lang='lat' dir='ltr'><strong>stroph.</strong></span> <span class='ocrx_word' id='word_1_167' title='bbox 561 2923 589 2978; x_wconf 81' lang='lat'><strong>3.</strong></span> <span class='ocrx_word' id='word_1_168' title='bbox 607 2923 634 2978; x_wconf 86' lang='lat'><strong>5.</strong></span> <span class='ocrx_word' id='word_1_169' title='bbox 663 2906 715 2966; x_wconf 80' lang='lat' dir='ltr'><strong>rel</strong></span> <span class='ocrx_word' id='word_1_170' title='bbox 740 2906 949 2986; x_wconf 88' lang='lat' dir='ltr'><strong>quadruplici</strong></span> <span class='ocrx_word' id='word_1_171' title='bbox 971 2907 1151 3000; x_wconf 78' lang='lat' dir='ltr'><strong>catalectico</strong></span> <span class='ocrx_word' id='word_1_172' title='bbox 1194 2933 1196 2936; x_wconf 76' lang='grc'><strong>’</strong></span> 
     </span>
    </p>

    <p class='ocr_par' dir='ltr' id='par_1_8' title="bbox 111 3005 1152 3199">
     <span class='ocr_line' id='line_1_25' title="bbox 111 3005 1152 3125; baseline 0.004 -54"><span class='ocrx_word' id='word_1_173' title='bbox 111 3087 114 3092; x_wconf 26' lang='lat'>¹</span> <span class='ocrx_word' id='word_1_174' title='bbox 139 3008 273 3089; x_wconf 86' lang='lat' dir='ltr'><strong>Olymp</strong></span> <span class='ocrx_word' id='word_1_175' title='bbox 284 3009 307 3068; x_wconf 94' lang='lat'><em>1</em></span> <span class='ocrx_word' id='word_1_176' title='bbox 329 3007 490 3088; x_wconf 86' lang='lat' dir='ltr'><strong>stroph..4</strong></span> <span class='ocrx_word' id='word_1_177' title='bbox 507 3005 538 3072; x_wconf 88' lang='lat'><strong>6.</strong></span> <span class='ocrx_word' id='word_1_178' title='bbox 570 3025 725 3088; x_wconf 83' lang='lat' dir='ltr'><strong>nusquam</strong></span> <span class='ocrx_word' id='word_1_179' title='bbox 747 3025 800 3072; x_wconf 91' lang='lat' dir='ltr'><strong>aut</strong></span> <span class='ocrx_word' id='word_1_180' title='bbox 829 3010 972 3125; x_wconf 87' lang='lat' dir='ltr'><strong>spondeo</strong></span> <span class='ocrx_word' id='word_1_181' title='bbox 997 3023 1054 3071; x_wconf 87' lang='lat' dir='ltr'><strong>aut</strong></span> <span class='ocrx_word' id='word_1_182' title='bbox 1078 3032 1152 3075; x_wconf 85' lang='lat' dir='ltr'><strong>ana-</strong></span> 
     </span>
     <span class='ocr_line' id='line_1_26' title="bbox 141 3114 444 3199; baseline -0.02 -23"><span class='ocrx_word' id='word_1_183' title='bbox 141 3127 254 3199; x_wconf 85' lang='lat' dir='ltr'><strong>paesto</strong></span> <span class='ocrx_word' id='word_1_184' title='bbox 276 3114 364 3174; x_wconf 89' lang='lat' dir='ltr'><strong>locus</strong></span> <span class='ocrx_word' id='word_1_185' title='bbox 379 3123 444 3172; x_wconf 89' lang='lat' dir='ltr'><strong>est.</strong></span> 
     </span>
    </p>
   </div>
   <div class='ocr_carea' id='block_1_6' title="bbox 85 3245 1243 3952">
    <p class='ocr_par' dir='ltr' id='par_1_9' title="bbox 85 3245 1243 3952">
     <span class='ocr_line' id='line_1_27' title="bbox 204 3245 1151 3335; baseline 0.005 -25"><span class='ocrx_word' id='word_1_186' title='bbox 204 3248 473 3328; x_wconf 85' lang='lat' dir='ltr'><strong>Frequentissims</strong></span> <span class='ocrx_word' id='word_1_187' title='bbox 487 3258 591 3307; x_wconf 86' lang='lat' dir='ltr'><strong>autem</strong></span> <span class='ocrx_word' id='word_1_188' title='bbox 611 3245 817 3317; x_wconf 87' lang='lat' dir='ltr'><strong>occuruntii,</strong></span> <span class='ocrx_word' id='word_1_189' title='bbox 840 3248 895 3326; x_wconf 88' lang='lat' dir='ltr'><strong>qui</strong></span> <span class='ocrx_word' id='word_1_190' title='bbox 910 3267 970 3327; x_wconf 87' lang='lat' dir='ltr'><strong>per</strong></span> <span class='ocrx_word' id='word_1_191' title='bbox 987 3249 1151 3335; x_wconf 86' lang='lat' dir='ltr'><strong>dipodiaru</strong></span> 
     </span>
     <span class='ocr_line' id='line_1_28' title="bbox 114 3349 1152 3437; baseline 0.004 -24"><span class='ocrx_word' id='word_1_192' title='bbox 114 3355 312 3437; x_wconf 48' lang='lat' dir='ltr'><strong>plaguntur:</strong></span> <span class='ocrx_word' id='word_1_193' title='bbox 341 3352 510 3430; x_wconf 89' lang='lat' dir='ltr'><strong>inquibus</strong></span> <span class='ocrx_word' id='word_1_194' title='bbox 534 3351 596 3410; x_wconf 92' lang='lat' dir='ltr'><strong>hoc</strong></span> <span class='ocrx_word' id='word_1_195' title='bbox 616 3351 783 3431; x_wconf 87' lang='lat' dir='ltr'><strong>proprium</strong></span> <span class='ocrx_word' id='word_1_196' title='bbox 807 3349 945 3412; x_wconf 85' lang='lat' dir='ltr'><strong>Pindaro</strong></span> <span class='ocrx_word' id='word_1_197' title='bbox 968 3369 1033 3426; x_wconf 89' lang='lat' dir='ltr'><strong>est,</strong></span> <span class='ocrx_word' id='word_1_198' title='bbox 1062 3356 1152 3437; x_wconf 88' lang='lat' dir='ltr'><strong>quod</strong></span> 
     </span>
     <span class='ocr_line' id='line_1_29' title="bbox 138 3453 1243 3540; baseline 0.008 -25"><span class='ocrx_word' id='word_1_199' title='bbox 138 3459 177 3520; x_wconf 87' lang='lat' dir='ltr'><strong>in</strong></span> <span class='ocrx_word' id='word_1_200' title='bbox 199 3457 326 3540; x_wconf 88' lang='lat' dir='ltr'><strong>paribus</strong></span> <span class='ocrx_word' id='word_1_201' title='bbox 348 3456 427 3517; x_wconf 88' lang='lat' dir='ltr'><strong>locis</strong></span> <span class='ocrx_word' id='word_1_202' title='bbox 447 3456 622 3536; x_wconf 87' lang='lat' dir='ltr'><strong>spondeum</strong></span> <span class='ocrx_word' id='word_1_203' title='bbox 644 3456 799 3521; x_wconf 82' lang='lat' dir='ltr'><strong>collocare</strong></span> <span class='ocrx_word' id='word_1_204' title='bbox 816 3453 907 3514; x_wconf 89' lang='lat' dir='ltr'><strong>solet.</strong></span> <span class='ocrx_word' id='word_1_205' title='bbox 956 3456 1024 3520; x_wconf 90' lang='lat' dir='ltr'><strong>Nec</strong></span> <span class='ocrx_word' id='word_1_206' title='bbox 1041 3473 1152 3523; x_wconf 87' lang='lat' dir='ltr'><strong>tamen</strong></span> <span class='ocrx_word' id='word_1_207' title='bbox 1240 3520 1243 3532; x_wconf 78' lang='grc'>,</span> 
     </span>
     <span class='ocr_line' id='line_1_30' title="bbox 139 3542 1164 3670; baseline 0.004 -48"><span class='ocrx_word' id='word_1_208' title='bbox 139 3572 228 3621; x_wconf 84' lang='lat' dir='ltr'><strong>tanta</strong></span> <span class='ocrx_word' id='word_1_209' title='bbox 252 3559 287 3618; x_wconf 92' lang='lat' dir='ltr'><strong>in</strong></span> <span class='ocrx_word' id='word_1_210' title='bbox 311 3557 367 3617; x_wconf 90' lang='lat' dir='ltr'><strong>hac</strong></span> <span class='ocrx_word' id='word_1_211' title='bbox 391 3577 427 3618; x_wconf 89' lang='lat' dir='ltr'><strong>re</strong></span> <span class='ocrx_word' id='word_1_212' title='bbox 455 3561 522 3621; x_wconf 89' lang='lat' dir='ltr'><strong>eius</strong></span> <span class='ocrx_word' id='word_1_213' title='bbox 549 3561 661 3640; x_wconf 81' lang='lat' dir='ltr'><strong>religio</strong></span> <span class='ocrx_word' id='word_1_214' title='bbox 687 3572 752 3627; x_wconf 89' lang='lat' dir='ltr'><strong>est,</strong></span> <span class='ocrx_word' id='word_1_215' title='bbox 793 3570 829 3616; x_wconf 90' lang='lat' dir='ltr'><strong>vt</strong></span> <span class='ocrx_word' id='word_1_216' title='bbox 854 3560 1034 3623; x_wconf 88' lang='lat' dir='ltr'><strong>trochaeum</strong></span> <span class='ocrx_word' id='word_1_217' title='bbox 1058 3542 1164 3670; x_wconf 10' lang='lat' dir='ltr'><strong>planci</strong></span> 
     </span>
     <span class='ocr_line' id='line_1_31' title="bbox 89 3661 1153 3750; baseline 0.009 -29"><span class='ocrx_word' id='word_1_218' title='bbox 89 3716 93 3721; x_wconf 93' lang='lat'>.</span> <span class='ocrx_word' id='word_1_219' title='bbox 137 3663 365 3744; x_wconf 81' lang='lat' dir='ltr'><strong>adspernetur,</strong></span> <span class='ocrx_word' id='word_1_220' title='bbox 386 3663 512 3739; x_wconf 89' lang='lat' dir='ltr'><strong>quod</strong></span> <span class='ocrx_word' id='word_1_221' title='bbox 487 3685 515 3724; x_wconf 85' lang='lat' dir='ltr'><strong>ss</strong></span> <span class='ocrx_word' id='word_1_222' title='bbox 531 3661 710 3725; x_wconf 86' lang='lat' dir='ltr'><strong>Schmidius</strong></span> <span class='ocrx_word' id='word_1_223' title='bbox 727 3661 808 3719; x_wconf 87' lang='lat' dir='ltr'><strong>bene</strong></span> <span class='ocrx_word' id='word_1_224' title='bbox 822 3664 1033 3739; x_wconf 78' lang='lat' dir='ltr'><strong>meminisset,</strong></span> <span class='ocrx_word' id='word_1_225' title='bbox 1055 3665 1153 3750; x_wconf 85' lang='lat' dir='ltr'><strong>saepe</strong></span> 
     </span>
     <span class='ocr_line' id='line_1_32' title="bbox 138 3740 1233 3850; baseline 0.007 -20"><span class='ocrx_word' id='word_1_226' title='bbox 138 3772 209 3830; x_wconf 84' lang='lat' dir='ltr'><strong>n&#39;on</strong></span> <span class='ocrx_word' id='word_1_227' title='bbox 226 3774 378 3829; x_wconf 87' lang='lat' dir='ltr'><strong>mutasset</strong></span> <span class='ocrx_word' id='word_1_228' title='bbox 393 3768 505 3829; x_wconf 87' lang='lat' dir='ltr'><strong>locos</strong></span> <span class='ocrx_word' id='word_1_229' title='bbox 495 3768 729 3850; x_wconf 82' lang='lat' dir='ltr'><strong>rutegerrimos.</strong></span> <span class='ocrx_word' id='word_1_230' title='bbox 754 3740 918 3825; x_wconf 86' lang='lat' dir='ltr'><strong>Interdum</strong></span> <span class='ocrx_word' id='word_1_231' title='bbox 933 3769 1024 3829; x_wconf 89' lang='lat' dir='ltr'><strong>etiam</strong></span> <span class='ocrx_word' id='word_1_232' title='bbox 1040 3792 1152 3837; x_wconf 81' lang='lat' dir='ltr'><strong>ornnes</strong></span> <span class='ocrx_word' id='word_1_233' title='bbox 1229 3811 1233 3815; x_wconf 86' lang='lat'><strong>·</strong></span> 
     </span>
     <span class='ocr_line' id='line_1_33' title="bbox 85 3852 1153 3952; baseline 0.007 -27"><span class='ocrx_word' id='word_1_234' title='bbox 85 3882 116 3925; x_wconf 83' lang='lat'><strong>.‘</strong></span> <span class='ocrx_word' id='word_1_235' title='bbox 138 3875 251 3934; x_wconf 75' lang='lat' dir='ltr'><strong>versus</strong></span> <span class='ocrx_word' id='word_1_236' title='bbox 279 3871 455 3932; x_wconf 82' lang='lat' dir='ltr'><strong>antithetici</strong></span> <span class='ocrx_word' id='word_1_237' title='bbox 486 3873 519 3930; x_wconf 93' lang='lat' dir='ltr'><strong>in</strong></span> <span class='ocrx_word' id='word_1_238' title='bbox 553 3872 658 3952; x_wconf 90' lang='lat' dir='ltr'><strong>primo</strong></span> <span class='ocrx_word' id='word_1_239' title='bbox 694 3866 776 3949; x_wconf 87' lang='lat' dir='ltr'><strong>pede</strong></span> <span class='ocrx_word' id='word_1_240' title='bbox 806 3885 989 3932; x_wconf 88' lang='lat' dir='ltr'><strong>constanter</strong></span> <span class='ocrx_word' id='word_1_241' title='bbox 1021 3852 1153 3939; x_wconf 73' lang='grc' dir='ltr'>ιειιιιιῃί</span> 
     </span>
    </p>
   </div>
   <div class='ocr_carea' id='block_1_7' title="bbox 85 3970 1108 4071">
    <p class='ocr_par' dir='ltr' id='par_1_10' title="bbox 85 3970 1108 4071">
     <span class='ocr_line' id='line_1_34' title="bbox 85 3970 1108 4071; baseline -0.001 -30"><span class='ocrx_word' id='word_1_242' title='bbox 85 3970 97 4061; x_wconf 40' lang='grc' dir='ltr'>Ἰ</span> <span class='ocrx_word' id='word_1_243' title='bbox 136 3976 348 4054; x_wconf 73' lang='lat' dir='ltr'><strong>tribrachum,</strong></span> <span class='ocrx_word' id='word_1_244' title='bbox 369 3989 404 4040; x_wconf 82' lang='lat' dir='ltr'><strong>vt</strong></span> <span class='ocrx_word' id='word_1_245' title='bbox 419 3974 512 4062; x_wconf 73' lang='lat' dir='ltr'><strong>Pyth,</strong></span> <span class='ocrx_word' id='word_1_246' title='bbox 524 3974 548 4036; x_wconf 91' lang='lat'><strong>1.</strong></span> <span class='ocrx_word' id='word_1_247' title='bbox 571 3993 621 4056; x_wconf 85' lang='lat' dir='ltr'><strong>ep.</strong></span> <span class='ocrx_word' id='word_1_248' title='bbox 634 3993 681 4051; x_wconf 63' lang='grc' dir='ltr'><strong>ις.</strong></span> <span class='ocrx_word' id='word_1_249' title='bbox 700 3986 732 4036; x_wconf 84' lang='lat' dir='ltr'><strong>st</strong></span> <span class='ocrx_word' id='word_1_250' title='bbox 744 3972 909 4071; x_wconf 75' lang='lat' dir='ltr'><strong>Isthmlh</strong></span> <span class='ocrx_word' id='word_1_251' title='bbox 926 3978 1047 4061; x_wconf 84' lang='lat' dir='ltr'><strong>stroph.</strong></span> <span class='ocrx_word' id='word_1_252' title='bbox 1060 4001 1108 4043; x_wconf 89' lang='lat' dir='ltr'><strong>ro.</strong></span> 
     </span>
    </p>
   </div>
   <div class='ocr_carea' id='block_1_8' title="bbox 1112 4083 1302 4154">
    <p class='ocr_par' dir='ltr' id='par_1_11' title="bbox 1112 4083 1302 4154">
     <span class='ocr_line' id='line_1_35' title="bbox 1112 4083 1302 4154; baseline 0 -67"><span class='ocrx_word' id='word_1_253' title='bbox 1112 4083 1302 4154; x_wconf 5' lang='grc' dir='ltr'><strong>ΜΔ,</strong></span> 
     </span>
    </p>
   </div>
   <div class='ocr_carea' id='block_1_9' title="bbox 0 0 1441 4934">
    <p class='ocr_par' dir='ltr' id='par_1_12' title="bbox 0 0 1441 4934">
     <span class='ocr_line' id='line_1_36' title="bbox 0 0 1441 4934; baseline 0 0"><span class='ocrx_word' id='word_1_254' title='bbox 0 0 1441 4934; x_wconf 95' lang='lat' dir='ltr'><strong> </strong></span> 
     </span>
    </p>
   </div>
  </div>
 </body>
</html>
