2859 4934
337 1035 1090 1126 coMMuNTAa10''

619 1245 686 1307 oe
1058 1295 1060 1301 ,

212 1360 586 1469 METRIS
652 1309 1172 1476 PINDllRI.·

569 1581 725 1612 ff·-

518 1706 779 1795 ParsyI.
876 1761 880 1769 ·

633 1919 663 1984 Ι.

169 2162 192 2201 Ἰ
544 2062 745 2165 Praefatio.

169 2207 240 2289 latai
255 2227 459 2313 metricarum
475 2237 780 2298 commentationum
796 2237 1007 2304 subtilitatem
1022 2258 1091 2304 non
1108 2241 1153 2304 ita

169 2349 366 2422 apoatteram,
387 2349 421 2394 vt
436 2357 605 2420 numquam
625 2342 665 2423 ad
682 2361 749 2414 eam
765 2341 930 2405 rediturus
945 2363 1061 2417 essem,
1082 2358 1152 2407 non

169 2437 306 2516 perabam
328 2451 432 2499 tamen
456 2439 547 2515 fore,
580 2459 614 2506 vt
635 2461 696 2507 tam
720 2446 811 2508 breui
835 2447 875 2507 ad
902 2446 1077 2516 beneuram
1102 2467 1151 2509 re·

169 2539 315 2600 alendam
330 2556 423 2622 atque
441 2540 657 2627 in‘tegranda'm
672 2552 850 2612 excitarer.⁴
878 2550 959 2612 Nam
974 2572 1076 2632 quum
1088 2551 1152 2613 hoc

169 2663 248 2705 anua
269 2645 450 2707 studiorum
470 2666 539 2710 non
566 2653 660 2721 modo
688 2634 952 2738 operoaioaimum
975 2674 1064 2727 eoae,
1092 2653 1153 2717 aod

169 2768 238 2830 tepe
252 2751 345 2811 etIam
360 2750 466 2811 taedio
481 2753 640 2817 abundare
655 2762 845 2831 aenaiaaem,
866 2777 935 2820 non
953 2758 1044 2819 aliter
1059 2759 1094 2818 in
1111 2777 1151 2822 eo

169 2856 305 2917 laborare
332 2856 570 2930 constitueram,
605 2862 669 2924 niai
693 2878 728 2923 vt
750 2863 842 2924 metri
866 2858 1056 2922 restituendi
1084 2878 1151 2921 mo·

169 2956 248 3020 :etiae
269 2959 394 3020 criticae
424 2962 499 3023 artia
525 2978 619 3045 atque
648 2964 920 3049 interpretationis
950 2963 1151 3025 iucunditate

169 3065 287 3125 enicem.
336 3063 495 3126 Mutatutn
519 3082 629 3130 tamen
648 3068 710 3131 hoc
734 3082 866 3150 repente
883 3064 946 3126 fuit
967 3067 1149 3138 consilium,

169 3189 244 3231 uum
263 3170 386 3230 litterae
405 3189 422 3230 a
439 3169 516 3233 Chr.
532 3173 568 3235 G.
585 3173 711 3252 Heynio
733 3158 817 3234 rnihi
837 3171 949 3233 allatae
969 3181 1061 3238 aunt,
1082 3169 1151 3248 ple·

169 3294 203 3338 to
223 3274 431 3336 humanitatis
452 3292 490 3334 ac
513 3259 760 3338 beneuolentiae
766 3322 775 3347 ,
804 3277 919 3357 quibua
940 3271 998 3331 illo
1023 3270 1151 3353 gratum

169 3377 205 3438 bi
224 3374 295 3453 fote
314 3376 526 3458 oignificabat‚
548 3378 576 3438 oi
595 3398 700 3440 nouae
721 3381 857 3442 editioni
883 3361 1030 3444 Pindari,
1052 3393 1150 3454 quam

169 3498 212 3541 tae
228 3493 362 3562 pararet,
381 3479 628 3561 diaputationern
648 3483 770 3544 deeius
783 3498 892 3564 poetae
908 3477 1018 3540 metris
1033 3476 1149 3538 adiice·
1223 3540 1225 3543 ,

169 3600 222 3645 tm.
274 3581 388 3664 Quam,
403 3583 462 3643 etei
483 3575 612 3662 plenam‘
633 3581 826 3647 difficultatis
847 3600 879 3646 et
899 3579 1061 3644 molestiae
1079 3598 1150 3654 eoae

169 3683 384 3756 raeuidebam,
416 3699 542 3758 tamen,
573 3688 749 3767 quominus
776 3707 847 3753 eam
874 3688 909 3748 in
932 3702 984 3749 ane
1006 3683 1150 3769 recipere

169 3791 337 3863 obstarem,
362 3802 428 3851 tum
450 3790 518 3871 ipsa
541 3790 603 3851 viri
627 3793 822 3855 celeberrimi
841 3789 1015 3852 honorifica
1036 3788 1082 3872 tle¹
1095 3807 1151 3850 mo

169 3894 345 3970 tiatimatio,
365 3907 434 3955 tum
457 3893 648 3956 excolendae
667 3897 762 3957 etiam
778 3891 1051 3976 perficiendaeque
1073 3892 1151 3954 attio
1208 3952 1213 3959 ,

169 3999 292 4060 tetricae
315 3998 400 4059 haud
427 3998 507 4058 leuia
533 3998 686 4075 cupiditas
716 3998 829 4060 effecit.
887 3997 970 4058 Nam
992 4016 1089 4076 quum
1113 3996 1151 4056 in

169 4099 228 4163 nni
247 4101 398 4181 acientiae
414 4119 532 4189 genere
548 4101 700 4169 diuturno
722 4121 782 4167 vro
802 4114 898 4185 atque
917 4101 1041 4167 atoidua
1061 4107 1150 4159 exet·

495 4213 497 4218 '
999 4203 1152 4266 citatione
1207 4204 1209 4209 '
