2859 4934
221 471 305 549 204
585 446 634 529 G.
660 446 868 528 Hermtuni

220 662 319 723 quum
334 640 388 704 isti
401 655 611 702 numerorum
626 655 773 702 naturam
788 652 821 701 et
836 640 923 722 leges
937 639 1210 721 ignauissimos

218 746 256 808 in
275 765 314 807 eo
331 747 432 816 libro,
449 748 515 827 'qui
538 745 580 807 de
601 748 709 809 metris
734 760 800 818 est,
830 747 905 807 satis
926 746 1210 818 demonstrauimus,

217 849 336 912 factum
355 863 420 922 est,
455 865 491 911 st
509 866 578 910 uon
600 850 702 911 solutu
724 851 761 912 in
776 846 816 914 iis¹
834 850 995 920 numeris,
1023 850 1082 930 qui
1104 851 1173 932 certi
1186 864 1211 912 et
1247 928 1249 939 Ι

218 951 290 1015 noti
309 966 402 1025 sunt,
418 952 625 1016 ¹veliementer
643 965 803 1024 errarent,
824 952 882 1014 sed
898 953 1000 1014 multo
1018 954 1118 1035 magis
1138 956 1212 1015 etian

219 1076 256 1118 ea
271 1070 383 1125 metra,
404 1076 484 1137 quae
500 1058 619 1119 incerta
635 1059 795 1142 planeque
813 1057 980 1118 arbitraria
994 1071 1084 1128 suut,
1107 1074 1213 1119 coutur-

217 1161 330 1222 bareut
358 1174 452 1242 atque
471 1177 699 1243 peruenerent.
755 1166 799 1225 Ac
822 1162 1015 1224 Vaurilliers
1038 1161 1166 1243 quidem
1187 1164 1215 1224 iu

216 1264 399 1330 Commeut.
416 1265 508 1328 Acad.
524 1265 621 1328 luscr.
642 1266 712 1329 v01.
720 1266 827 1330 vat
844 1288 875 1348 p.
888 1287 958 1342 ²37·
979 1265 1077 1328 valde
1090 1282 1215 1330 recentes

217 1369 278 1432 hos
300 1370 482 1432 scholiastes
503 1389 573 1432 esse
590 1371 652 1433 sibi
673 1373 846 1454 persuasit,
867 1371 954 1452 quod
972 1370 1168 1452 Hephaestio
1188 1390 1215 1434 ss

216 1474 433 1536 Terentianus
450 1474 580 1535 Maurus
598 1474 732 1557 plurima
753 1495 902 1538 versuum
918 1469 1057 1556 genera,
1091 1488 1167 1557 quae
1185 1475 1215 1537 sb
1257 1460 1258 1527 l

216 1579 283 1643 illis
301 1593 612 1650 commemorantur,
632 1581 727 1662 plane
739 1581 971 1671 ignorauetint.
1016 1579 1086 1643 Cui
1104 1593 1216 1642 senten·

215 1685 280 1745 tiae
301 1682 454 1764 equidem
470 1680 531 1744 boc
549 1683 660 1745 minus
677 1704 807 1766 possum
822 1685 990 1754 accedere,
1014 1683 1108 1764 quod
1127 1698 1157 1747 st
1171 1703 1216 1747 res

215 1789 285 1871 ipsa
300 1808 354 1851 eos
374 1789 410 1849 in
426 1789 502 1848 istas
517 1808 619 1870 nugas
632 1789 823 1869 implicauit,
846 1803 878 1849 et
898 1794 1026 1849 ornnem
1051 1801 1216 1850 metrorum

214 1895 383 1957 scientiam
397 1907 524 1953 mature
542 1891 638 1972 magis
652 1892 818 1974 magisque
830 1891 948 1973 lapsam
963 1890 1147 1954 aedelstani
1158 1910 1216 1959 csse

214 2012 349 2060 constat.
405 1996 575 2058 Habebaut
595 1995 681 2057 euim
701 1996 757 2058 isti
775 1996 924 2060 homines
943 2014 1033 2058 suam
1060 1998 1217 2077 quamdam

214 2117 394 2165 metrorum
417 2083 612 2172 doctrinam,
639 2114 864 2184 perangustum
881 2100 1022 2194 illrmlet
1035 2098 1216 2164 futilissinit

212 2206 443 2272 subtilitatibus
458 2202 617 2268 refertam.
659 2206 698 2267 In
720 2225 784 2287 qua
804 2224 885 2287 quae
906 2223 1023 2286 genera
1046 2221 1216 2275 metrorum

214 2311 370 2391 descripta
387 2322 510 2380 essent,
532 2309 573 2369 iis
593 2309 642 2369 illi
666 2327 794 2391 omnem
817 2328 1024 2371 numerorum
1040 2312 1217 2373 varietatem

211 2436 250 2479 ac
264 2415 502 2476 multitudinem
520 2411 700 2475 exhaustam
721 2413 888 2495 putabant,
910 2433 981 2486 uec,
1000 2415 1029 2477 si
1044 2417 1102 2497 qui
1115 2433 1218 2477 versun

212 2534 428 2591 occurrerent,
449 2517 587 2598 quinon
605 2517 796 2594 riderentur
810 2517 850 2578 ad
863 2518 959 2581 istum
976 2519 1149 2583 modulum
1161 2520 1217 2581 exi·

212 2625 246 2708 gi
261 2642 366 2705 posse,
381 2634 563 2684 commenta
579 2621 769 2683 deficiebant
784 2618 927 2704 miraque
941 2624 1087 2697 artificia,
1097 2626 1216 2708 quibus,

212 2727 371 2811 quidquid
390 2729 543 2811 placeret,
563 2744 603 2785 ex
628 2726 872 2808 elegantissimis
893 2743 1061 2810 poetarum
1085 2713 1217 2791 numeris

212 2844 374 2895 eruerent.
429 2832 473 2890 lta
496 2829 719 2901 distrahendo,
751 2851 832 2911 quae
852 2823 1217 2906 continuari‘debebant,

212 2935 451 3006 continuando,
485 2955 564 3016 quas
586 2935 789 2997 distrahenda
811 2926 1119 3025 misereqtt'elomnia
1147 2943 1217 3021 lace

210 3038 313 3099 raudo
339 3038 471 3098 tandem
495 3040 576 3101 illud
598 3041 911 3120 consequebantur,·
927 3055 962 3101 vt
985 3022 1218 3127 nulli'vsquam

211 3141 340 3204 numeri
357 3141 535 3217 sisterent,
555 3147 635 3229 quin
651 3145 690 3206 ad
704 3145 758 3205 illa
768 3189 778 3218 ,
808 3163 891 3224 quae
907 3144 969 3227 ipsi
994 3151 1062 3210 sola
1079 3161 1218 3220 nossent,

211 3261 392 3322 metrorum
406 3265 524 3326 genera
541 3249 686 3313 reuocari
702 3264 843 3333 possent.
894 3250 974 3312 lude
989 3253 1049 3335 ista
1067 3232 1218 3314 versuum

210 3351 390 3433 dispositio,
410 3365 525 3426 metro,
542 3353 696 3425 numeris,
709 3353 848 3427 auribus,
862 3357 971 3416 sensui
984 3354 1218 3430 aduersissims3

209 3457 288 3519 inde
304 3471 351 3519 tot
367 3475 516 3518 versuum
535 3457 684 3527 nomina,
704 3458 796 3522 nullo
814 3471 905 3541 pacto
923 3479 995 3520 cum
1015 3476 1134 3535 metro,
1158 3476 1218 3544 quo

210 3577 326 3644 poetae
343 3561 391 3622 vsi
408 3576 492 3633 sunt,
508 3561 729 3647 cong-ruentia
753 3561 830 3622 inde
845 3563 989 3625 infruitae
1002 3567 1219 3640 obscuritates,

211 3667 423 3744 corruptelae,
447 3662 557 3737 fulcra,
576 3682 829 3744 superuacaneae
842 3667 1034 3731 emendandi
1052 3672 1220 3743 necessita·

208 3781 268 3837 tes,
290 3768 435 3848 aliaeque
455 3767 614 3830 eiusmodi
629 3767 757 3840 sordes3
780 3759 857 3858 inde
877 3772 1033 3853 denique,
1049 3768 1222 3837 accedente

208 3872 379 3954 prosodiae
393 3870 604 3953 ignoratione,
627 3888 751 3933 errores
769 3875 955 3954 turpissimi,
975 3891 1012 3938 vt
1025 3876 1153 3942 facilius
1170 3879 1220 3951 sit,

208 3977 295 4058 ipsos
312 3988 431 4055 poetas,
450 3975 478 4036 si
496 3975 548 4036 vel
569 3976 799 4056 corruptissimi
817 3977 892 4047 sint,
916 3997 1008 4056 quatu
1026 3980 1221 4061 interpretes

208 4098 319 4142 eorum
337 4080 507 4160 corrigere.
552 4080 700 4163 Quaene
715 4093 833 4141 temere
850 4081 968 4143 dixisse
985 4083 1106 4153 videar,
1121 4103 1223 4145 exem-

208 4185 263 4269 pla
279 4202 297 4246 e
314 4184 422 4268 primo
441 4171 579 4248 carmine
593 4182 812 4268 Olympiorum
829 4185 968 4252 afferant
1006 4188 1044 4250 ln
1058 4206 1097 4252 eo
1111 4203 1223 4251 secun·

1146 4291 1226 4353 dum
