2859 4934
207 443 344 518 ιον·
480 452 483 460 ·
569 422 619 504 G.
647 423 858 505 Hermanui
945 411 949 414 ’

206 609 301 689 νόθον
319 615 461 693 λογίοισιν
480 613 542 681 duri
563 612 696 697 πρόιοδοι
718 616 810 685 aciem
833 609 1075 678 adauxeritis
1095 615 1216 690 νοσμοίιι

205 736 305 799 quarn
324 722 513 782 senteutiam
539 720 634 782 etiam
657 733 731 781 ante
750 733 902 803 posuerat
928 739 960 779 v.
976 737 1031 793 55.
1089 716 1218 803 Similiter

182 873 189 888 .,
208 809 303 883 etiam
323 823 358 884 in
374 823 467 905 Pyth.
479 823 515 886 V.
533 823 665 906 stropha
679 833 774 903 atque
794 822 1006 904 antistropha
1023 823 1134 904 -prima
1151 843 1220 905 repe

208 923 339 987 titiones
358 929 513 1008 quaedam
532 931 636 992 minan
656 927 853 991 necessariae
868 941 1070 989 occurrunt.
1114 927 1221 994 Deinde

210 1028 295 1108 quod
315 1030 465 1094 insertio
482 1033 622 1095 carmine
644 1032 799 1114 equestria
822 1031 964 1094 victoria
984 1032 1184 1103 celebretur,
1196 1033 1223 1092 id

209 1132 355 1212 quidem,
377 1150 413 1197 vt
429 1138 498 1221 ipsc
516 1137 662 1220 Heyuius
683 1134 818 1204 fatetur,
842 1153 915 1196 non
933 1142 1092 1218 magnam
1108 1136 1223 1216 vimha

210 1235 274 1300 bet.
318 1238 401 1302 Nam
416 1244 511 1305 verba
527 1241 709 1324 ἱπποδρομίᾳ
720 1241 857 1321 κρανίων
869 1260 902 1302 v.
917 1260 970 1304 οι.
987 1241 1034 1302 ad
1048 1238 1223 1302 Nemeacaru

210 1330 379 1403 victoriam
403 1358 566 1428 spectant,
587 1361 657 1405 non
676 1342 715 1404 ad
739 1342 925 1416 Isthmiam‚
948 1365 1043 1426 qnae
1061 1358 1223 1426 quocena·

203 1444 311 1528 *minis
332 1467 452 1528 genere
478 1450 644 1534 pertarit,
671 1448 706 1509 in
727 1448 821 1509 tertio
841 1449 981 1529 quidem
1006 1448 1152 1509 carmine
1167 1468 1223 1508 nus·
1262 1486 1263 1495 ι

213 1566 310 1627 quam
326 1550 494 1616 indicatur.
537 1553 649 1632 Longe
668 1550 795 1632 grauius
816 1572 896 1615 vero
917 1554 1059 1614 tertium
1080 1570 1223 1634 argunen

213 1664 283 1712 tum
304 1668 368 1714 est:
399 1656 557 1731 Isthmiam
581 1654 762 1725 victoriam,
787 1655 828 1717 de
846 1676 910 1737 qua
935 1669 1095 1738 quartum
1116 1673 1224 1718 carmen
1262 1662 1263 1672 ¹

213 1755 296 1836 agit,
319 1758 451 1838 primam
472 1760 592 1831 videri,
614 1771 683 1819 tum
705 1771 838 1840 propter
851 1777 914 1834 v.4
933 1773 968 1821 et
987 1759 1044 1833 36.
1061 1761 1101 1842 in
1122 1778 1182 1840 quo
1197 1778 1225 1820 ea

213 1859 324 1923 laudes
346 1864 450 1942 gentis
470 1859 595 1926 Melissi
618 1862 708 1944 qnasi
733 1880 753 1922 e
775 1880 889 1924 somno
915 1865 1084 1928 suscitare
1109 1864 1224 1937 dicatur,

116 1976 119 1981 ’
213 1973 286 2023 tum
307 1965 392 2046 quod
407 1965 597 2040 Nemeaeae,
623 1966 664 2028 de
686 1984 750 2047 qua
769 1967 805 2055 iu
824 1969 920 2029 tertio
936 1983 1011 2042 est,
1036 1970 1132 2030 nulla
1152 1989 1224 2029 men·

212 2067 260 2130 tio
294 2069 354 2130 fiat.
380 2072 383 2078 ’
416 2069 566 2156 Aphanc
595 2068 812 2148 difficultatem
844 2074 1016 2134 commoda
1052 2076 1224 2155 interprete·

213 2172 304 2234 tione
325 2174 496 2263 explanare
513 2178 598 2241 licet.
647 2172 733 2235 Nam
751 2173 955 2258 principium
976 2178 1119 2262 quidem
1138 2179 1223 2261 quarti

215 2295 376 2348 carminis.

189 2431 192 2434 ·
264 2387 350 2470 ἐστί
370 2423 430 2491 μοι
455 2389 560 2474 θεῶν
585 2382 698 2470 ἕκατι
748 2427 750 2432 ’
794 2425 799 2432 ·

262 2509 379 2618 μυρία
402 2517 537 2593 παντοῖ’
560 2507 772 2600 κέλευθος,
847 2504 849 2509 ’

262 2622 294 2732 ,ὦ
315 2631 495 2724 Metius,
516 2629 756 2732 εὐμαχανίαν
779 2627 856 2737 «γάρ
881 2623 1035 2740 ἔφανας
1049 2635 1226 2745 Ἰσθμίοις,

264 2754 448 2861 ὑμετέρας
467 2752 607 2862 destris
624 2748 727 2860 ὕμνῳ
753 2745 904 2847 dadum,

214 2888 249 2950 id
272 2891 317 2950 sic
334 2903 382 2950 est
404 2886 668 2967 intelligendum:
704 2903 773 2945 non
796 2886 885 2948 deest
907 2889 994 2950 mihi
1021 2896 1156 2955 materia
1172 2897 1225 2955 lau·

133 3004 137 3013 '
216 2993 307 3061 dator,
335 2994 449 3071 quibus
474 2993 611 3052 maiores
639 3006 709 3052 turos
738 3010 862 3053 ornem.
912 2994 1046 3056 Isthmia
1074 3001 1161 3058 enim
1181 3015 1225 3057 tua

215 3099 358 3166 victoria,
379 3116 458 3178 quae
477 3097 563 3156 hunc
583 3115 600 3155 a
618 3115 668 3155 me
690 3095 850 3184 hynmum
873 3098 991 3179 exigit,
1015 3103 1226 3182 opportunita-

206 3178 278 3264 tem
303 3201 402 3265 affert.
455 3202 545 3283 Quae
572 3213 675 3260 autem
696 3199 774 3260 inde
798 3219 816 3258 a
839 3221 870 3261 v.
884 3220 933 3272 3²·
960 3201 1060 3277 dicit,
1088 3207 1148 3268 hac
1170 3205 1228 3267 Me·

146 3363 150 3366 ,
214 3306 437 3368 lissivictoria
455 3306 563 3366 laudes
576 3286 739 3365 vmaiorum
758 3305 828 3366 eius
846 3306 935 3365 velut
955 3326 973 3366 e
991 3323 1122 3372 sommo
1143 3311 1228 3372 susci·

216 3415 294 3482 tari,
315 3431 383 3474 non
403 3423 478 3470 sunt
501 3429 538 3478 eo
559 3409 729 3477 trahenda.
757 3422 792 3468 vt
817 3401 1017 3471 intermissae
1039 3414 1230 3493 aliquamdiu

139 3535 141 3538 ·
166 3551 168 3555 ·
215 3501 356 3579 νίτοιιιίο
374 3536 445 3577 eam
475 3515 640 3575 victoriam
668 3534 787 3573 nonum
817 3514 979 3594 quoddam
1004 3513 1229 3576 documentum

110 3700 115 3707 ¹
217 3624 376 3696 exstitisse
406 3615 609 3686 censeamus.
646 3619 700 3678 sed
727 3619 766 3677 ad
792 3619 942 3678 carminis
969 3618 1231 3702 impetrationem

218 3726 332 3787 referri
355 3727 485 3786 debent.
536 3721 754 3806 erantumuis
777 3721 862 3781 enim
885 3722 1027 3801 egregias
1052 3725 1174 3805 aliquis
1191 3727 1233 3786 ri·

217 3816 550 3910 ctoriae-reportarit(
572 3827 732 3888 obscurari
760 3844 867 3885 earum
893 3826 1083 3885 memoriam
1107 3847 1234 3890 necesse

218 3951 283 4005 est,
307 3936 369 3995 nisi
392 3933 584 3996 carminibus
612 3932 652 3990 ad
677 3931 893 4013 posteritatem
919 3931 1127 4014 perueniant.
1170 3935 1236 3995 Hoc

218 4057 294 4118 ergo
314 4036 389 4096 dicit
399 4055 409 4123 ².
431 4027 513 4095 fama
537 4035 641 4116 gentis
663 4048 737 4094 tuae
761 4054 865 4103 nunc,
888 4053 987 4114 quum
1007 4052 1148 4117 propter
1163 4037 1237 4101 Isth·

218 4145 315 4204 miam
329 4138 493 4203 victoriam
513 4127 601 4213 huuc
620 4158 704 4200 ame
720 4138 878 4220 hymnum
893 4154 1005 4200 nactus
1023 4160 1079 4215 es,
1106 4143 1208 4220 veluti
1222 4161 1238 4203 e

1123 4265 1238 4310 somno
