2859 4934
208 445 287 532 184
565 422 623 510 0.ss
641 425 848 508 Hermauni
877 408 883 423 ‘
933 536 937 542 Ι
1022 482 1033 492 a
1063 438 1067 447 '

202 623 398 686 transmittit.
441 621 548 701 ltaque
566 622 636 689 etsi.
657 639 738 700 quae
750 621 829 681 hino
845 619 974 682 ducitur
990 632 1139 682 versuum
1152 619 1202 685 dis·

204 728 430 810 ponendorum
449 727 547 796 ratio,
574 726 693 786 lubrica
712 713 883 788 admodum
902 738 952 786 est
972 734 1069 800 atque
1087 725 1211 796 ineerta,-

204 850 273 890 uon
294 830 429 890 debebat
443 845 548 890 tamen
567 831 744 908 praeteriri,
766 826 839 909 quia
852 849 947 912 saepe
969 829 1067 891 medo
1083 831 1205 910 sola'par

118 986 122 994 .
205 951 259 1003 se,
292 946 363 995 tum
391 935 461 997 aliis
490 936 582 1004 etiam
611 932 758 994 adiuncta
787 934 903 996 mustis
929 949 1048 994 vetam-
1071 952 1206 999 uersuum

205 1037 460 1100 terminationem
480 1037 599 1120 prodit.

681 1253 747 1319 ΙΙΙ.

425 1408 484 1476 De
504 1406 632 1476 oltirnu
655 1427 824 1475 omassum
846 1377 1021 1502 syllaba..

295 1553 398 1634 Maior
421 1552 518 1624 vero,
546 1554 1213 1645 immormaxim--tfluffta..lllQ¹1(l91!¹.¹n

211 1673 359 1719 versuum
383 1653 417 1721 iu
441 1658 1018 1747 flsstlpllum,Syllsshlluflkssllissilssqq
1030 1662 1215 1751 parsitas'st1

159 1827 162 1831 ,
212 1779 294 1838 quae
313 1781 417 1856 *quum
445 1783 537 1845 saepe
560 1782 746 1825 auacruseos
760 1761 1216 1855 ..limblssssfflllQb

213 1879 280 1926 tum
303 1887 380 1927 vero
399 1871 501 1949 magis
519 1870 631 1944 etiam,
651 1869 705 1929 vbi
732 1866 809 1927 fines
836 1885 982 1928 versuum
1006 1871 1217 1933 constituendi

213 1952 293 2037 sint.
316 1971 499 2035 ostendunt.
523 1989 527 1996 ·
548 1972 650 2042 Nam,
679 1985 725 2032 vt,
738 1972 772 2031 iu
792 1971 875 2031 libro
896 1970 937 2031 tle
962 1975 1072 2036 metris
1095 1975 1218 2035 demon·

214 2075 402 2144 attullimus,
425 2091 455 2136 et
479 2078 609 2137 iambica
631 2076 800 2145 enarratis,
822 2089 852 2135 et
866 2066 1019 2136 vmsuuru
1035 2080 1219 2156 quorumuis'

217 2193 359 2238 extrema
390 2182 507 2260 syllaba
529 2201 705 2241 mensuram
724 2181 847 2241 nullam
867 2178 979 2248 habet,
1004 2194 1220 2260 praeterquam

215 2281 250 2341 iu
270 2282 309 2341 iis
327 2286 483 2369 versibus.
501 2305 637 2364 quorum
654 2282 888 2363 aliquarumulti
910 2301 976 2341 ruo
995 2304 1146 2356 nutriero,
1171 2286 1222 2365 qui

216 2400 349 2465 systema
366 2405 495 2450 avocatur
512 2410 529 2450 a
548 2390 770 2472 grammaticis.
793 2384 1016 2466 comprehensi
1034 2401 1120 2446 sunt.
1165 2384 1223 2447 Sed

215 2489 330 2550 horum
355 2495 388 2552 iu
413 2496 519 2575 lyricis
536 2496 736 2556 ,carminibus
761 2491 868 2550 nullus
892 2509 967 2550 rsus
991 2503 1049 2549 est.
1092 2491 1132 2550 ln
1156 2490 1223 2550 Piu-

217 2593 294 2654 daro
319 2598 449 2673 quidem
473 2600 557 2667 haec,
575 2587 705 2658 istarum
727 2595 913 2674 syllabarum
935 2593 1126 2673 ambiguitas
1150 2595 1224 2654 adeo

216 2698 367 2761 haeresum
390 2703 532 2782 ignorata
555 2703 668 2768 iacuit.
701 2715 734 2758 vt
757 2699 893 2767 luerint,
917 2697 973 2774 qui
995 2697 1079 2775 ,inde
1103 2700 1224 2759 laudem

217 2824 325 2885 parare
335 2804 472 2866 Pindaro
485 2807 622 2874 vellent,
645 2803 700 2881 qui
719 2806 759 2862 ita
773 2804 908 2885 diligens
924 2805 1225 2864 metrorum-obser·

217 2921 307 2977 vator
325 2905 444 2977 fuisset.
459 2926 491 2968 vt
504 2929 545 2968 ne
559 2929 592 2969 ea
607 2907 748 2986 quidem.
760 2927 839 2984 qrsae
853 2909 987 2986 quisque
1000 2924 1093 2988 poeta
1104 2927 1237 2976 summo?

218 3012 287 3072 iure
307 3014 368 3073 sibi
388 3023 703 3093 concessaputasaet‚
728 3012 892 3072 admittere
910 3014 1053 3072 auderet.
1097 3015 1164 3090 Qui
1183 3034 1226 3075 er·

218 3134 272 3175 ror
290 3115 364 3174 inde
381 3132 473 3177 uatus
494 3130 550 3185 est,
571 3115 655 3193 qsaod
675 3115 755 3174 istae
773 3116 910 3193 syllabae
928 3116 1099 3195 pleraeque
1115 3098 1226 3179 omues

219 3220 418 3279 metricorum
442 3220 622 3300 imperitia,
657 3199 685 3279 a=
702 3219 977 3301 quiliusvulgata·
1001 3241 1153 3282 uersuum
1179 3223 1226 3282 de

218 3323 347 3404 scriptio
367 3322 505 3403 profecta
531 3336 593 3391 est,
620 3321 655 3380 iu
679 3325 794 3384 mediis
818 3325 962 3384 versibus
990 3324 1226 3396 delitescebant,

171 3479 173 3484 ,
220 3440 265 3496 vt,
287 3446 381 3505 quum
404 3429 437 3487 in
458 3428 518 3486 alia
534 3443 743 3485 numerorum
761 3426 988 3487 distributione
1011 3445 1044 3487 et
1064 3430 1144 3492 fines
1164 3450 1226 3490 ver·

220 3525 309 3591 aarum
336 3543 369 3590 et
396 3508 504 3590 media
523 3531 602 3590 virio
634 3532 766 3590 caritura
791 3528 946 3600 fuissent,
976 3549 1064 3588 nunc
1089 3548 1227 3591 extrema

220 3653 314 3715 saepe
331 3634 541 3716 integramus,
557 3633 659 3693 media
678 3636 732 3694 vel
751 3635 919 3694 teterrimis
936 3633 1085 3705 hiatibus,
1100 3641 1152 3697 vel
1173 3637 1228 3697 ful·

221 3729 299 3808 oris)
323 3740 375 3798 vel
393 3740 461 3800 aliis
485 3738 714 3798 insanabilibus
737 3737 922 3816 corruptelis
945 3737 1118 3800 deformata
1142 3761 1228 3821 repe·

220 3841 350 3903 riantur.
395 3842 548 3904 Vitandus
575 3855 678 3902 autem
705 3858 751 3902 est
776 3842 811 3900 iu
833 3841 955 3925 finibus
968 3856 1123 3904 versuum
1146 3845 1229 3904 iuda

221 3945 333 4026 gaudis
358 3964 446 4008 error
465 3944 638 4021 admodum
658 3944 814 4027 vulgaris,
839 3960 933 4022 atque
953 3947 991 4005 ab
1011 3952 1161 4009 omnibus
1176 3950 1229 4008 cri·

221 4049 292 4110 titis
316 4051 516 4122 commissus,
550 4051 586 4110 iu
608 4059 703 4129 qu‘eus
726 4069 781 4108 me
806 4050 911 4128 ipsum
936 4050 1106 4119 incidisse,
1136 4071 1229 4129 quium

223 4155 387 4238 'superiore
401 4175 487 4217 anno
503 4155 544 4217 de
558 4155 670 4218 metris
685 4144 867 4226 seriberern,
879 4154 940 4215 hoc
954 4157 1054 4236 magis
1069 4155 1230 4236 indignor.

163 4254 165 4259 ’
222 4264 230 4270 ”
1145 4255 1233 4336 quod
