2859 4934
261 419 475 507 Commeat.
503 426 549 505 de
576 433 702 509 metris
726 428 886 513 Pindari.
923 430 964 517 Ρ.
983 446 1019 515 1.‘
1075 433 1154 534 '183

135 613 245 677 maius
263 617 484 691 mutationum,
505 623 701 684 metricarum
720 625 916 704 praesertim,
937 644 1018 704 quae
1033 626 1070 688 in
1087 620 1155 690 cue-⁵

137 719 218 781 teria
238 722 479 786 recensionibus
501 726 756 790 innumerabiles
782 728 908 791 futurae
933 746 1043 802 eraut,
1062 729 1152 792 tect-

137 825 466 904 mus'compendium.
510 827 721 909 Quamobrem
741 834 924 914 saepissime
942 835 1026 896 nihil
1046 835 1152 897 moni·

138 935 210 984 tum
231 939 296 996 est,
317 929 372 988 vbi
388 944 513 1027 recepta
531 932 625 995 lectio
644 936 683 996 ad
702 915 865 1018 uulgarem
884 936 1017 1017 quidem
1036 950 1151 1000 metro-

136 1045 210 1086 rum
232 1029 391 1090 rationem
416 1053 483 1095 non
508 1051 716 1120 congrueret,
742 1038 799 1104 red
821 1058 892 1101 cum
914 1038 1024 1104 nostra
1044 1054 1151 1105 tamen

136 1130 352 1216 descriptione
373 1138 578 1220 conspiraret.

616 1350 663 1416 11.

457 1500 516 1569 De
540 1499 824 1594 interpunctione.
893 1568 899 1573 .

219 1642 285 1731 Sed
301 1632 424 1708 dicatur
441 1651 505 1710 iam
527 1653 567 1710 de
586 1653 642 1721 iis,
662 1668 743 1731 quae
762 1669 855 1712 verae
875 1662 951 1712 sunt
972 1654 1008 1712 ac
1030 1651 1143 1733 geuui-

132 1765 197 1810 ttae
210 1770 356 1813 versuum
373 1753 666 1817 distribuendorum
682 1774 817 1817 caussae.
857 1756 894 1814 ln
909 1755 1024 1833 quibus
1038 1756 1142 1836 primo

133 1849 207 1914 ioco
227 1858 502 1919 commemoranda
522 1860 739 1939 interpunctio
759 1873 824 1930 est,
847 1860 1062 1937 orationisque
1082 1872 1142 1919 ter·

132 1954 281 2050 minatio.
326 1959 415 2042 Quae
432 1964 491 2023 etsi
507 1980 576 2023 non
593 1981 734 2044 maguam
749 1964 816 2022 vim
836 1950 954 2023 hibent
970 1963 1004 2021 in
1020 1961 1140 2024 linibus

132 2070 232 2136 atque
255 2060 357 2125 initiis
382 2085 531 2125 versuum
554 2064 775 2132 inuenientes,
812 2062 896 2122 haud
922 2079 1025 2126 tamen
1055 2084 1139 2147 sper·

132 2155 241 2225 nenda
261 2185 365 2226 earnm
390 2169 565 2230 admonitio
585 2183 642 2231 est.
690 2167 880 2249 Saepissime
903 2171 1005 2239 enim,
1028 2182 1064 2229 vt
1083 2189 1151 2250 par.
1236 2188 1238 2193 ·

132 2260 200 2339 est,
221 2270 277 2331 vbi
298 2291 406 2334 versus
428 2287 460 2332 et
481 2274 610 2333 numeri
626 2273 861 2343 terminantur,
888 2273 935 2333 ibi
955 2273 1048 2334 etiam
1069 2291 1138 2334 ora·

132 2371 232 2436 tionis
261 2376 362 2454 aliqua
387 2377 500 2440 incisio
528 2391 559 2438 et
584 2376 678 2460 p'ausa
698 2377 744 2443 lit.
804 2375 919 2456 Neque
947 2371 1032 2438 enim
1065 2379 1138 2440 sine

131 2477 267 2556 quadam
290 2480 455 2553 molestia,
485 2482 541 2544 vbi
571 2481 695 2543 numeri
717 2480 850 2542 vlteriua
878 2466 1152 2562 progrediuntu'rs

130 2581 220 2644 finiri
234 2581 335 2645 oratio
355 2599 479 2665 potestq
498 2604 558 2646 nec
576 2602 695 2668 contra,
716 2605 816 2665 quum
831 2585 981 2645 desinunt
996 2585 1136 2656 numeri,
1197 2640 1200 2646 r

131 2699 219 2748 recte
237 2690 476 2750 continuabitur
493 2690 645 2752 orationis
666 2690 826 2750 circuitus.
865 2689 966 2770 ‘Quod
986 2689 1135 2769 quemad·
1208 2708 1210 2712 ·

129 2789 262 2854 modum
276 2793 301 2852 ii
312 2808 434 2875 poetae,
447 2796 502 2875 qui
516 2795 652 2874 elegiaco
660 2788 806 2850 'carmine
822 2790 870 2850 vsi
886 2805 971 2858 suut.
986 2791 1140 2859 obserua-,

128 2909 228 2968 runt,
257 2910 292 2957 vt
315 2899 449 2980 singulis
473 2891 613 2958 distichis
636 2895 776 2974 singulas
797 2893 970 2974 verborum
996 2884 1138 2975 comple'

127 3000 243 3061 xiones
260 3001 478 3070 includerent,
500 3001 544 3059 ita
565 3000 657 3079 lyrici
677 3000 773 3059 etiam
788 3011 904 3079 poetae
926 2998 1066 3060 eamdem
1090 2998 1134 3058 le·
1166 3012 1168 3018 ’

127 3121 207 3184 gem
228 3117 370 3165 tenuere
422 3102 488 3163 Nec
512 3104 679 3163 tamenin
704 3123 739 3164 ea
769 3102 947 3184 religiosius
966 3100 1133 3161 inhaeren-
1147 3143 1150 3149 -

128 3206 212 3268 dum
238 3221 407 3289 putarunt:
440 3227 615 3299 magrmfflte
640 3208 819 3271 adhibenda
846 3205 947 3286 cautip
944 3218 1074 3285 pst,
1088 3222 1132 3264 ne

115 3293 464 3403 ‘temegprationisffl
436 3312 644 3374 incisionibus
643 3284 901 3376 accommodare
917 3327 1068 3395 numeros
1087 3305 1132 3366 la·

126 3417 296 3511 bQ
335 3415 418 3476 Nam
433 3429 466 3475 vt
483 3384 631 3495 elegiaci
625 3433 735 3498 poetae
753 3417 877 3497 saepius
893 3384 943 3475 ab
948 3413 1003 3471 illa
1021 3430 1131 3489 aequa·

126 3522 254 3583 bilitate
273 3533 489 3590 recesserunt,
518 3522 561 3579 ita
584 3521 707 3599 lyrici
697 3540 769 3581 rure
794 3539 852 3580 auo
876 3520 974 3597 longe
997 3515 1131 3576 suntin

125 3623 189 3687 hac
205 3643 240 3685 re
259 3624 434 3693 liberiores,
450 3640 597 3700 ‚quorum
622 3638 653 3683 et
674 3623 802 3685 dicendi
824 3642 923 3705 genus
946 3618 1132 3680 concitatius

87 3710 90 3715 .
127 3745 179 3794 sat
197 3746 288 3808 atque
308 3730 347 3790 ab
367 3729 575 3808 elegiacorum
600 3725 812 3786 moderatione
835 3741 960 3806 prorsus
978 3720 1131 3792 alienum,

128 3848 162 3896 et
181 3834 303 3894 numeri
323 3849 429 3909 saepe·
440 3830 524 3888 inter
546 3847 580 3888 se
599 3827 800 3915 dissinillimi
820 3843 909 3897 sunt,
932 3845 967 3887 aa
986 3826 1053 3887 leui
1074 3827 1131 3887 illo
1211 3865 1213 3871 ·

126 3952 221 4016 atque
242 3935 399 4013 aequabili
418 3933 552 3992 decursu
575 3933 693 3995 vacui·
726 3933 817 3993 Vnde
838 3932 922 3992 haud
942 3949 1012 3992 raro
1034 3914 1076 3991 ne
1095 3930 1131 3989 in
1195 3958 1207 3975 ·

116 4041 335 4123 stropharum
353 4037 482 4118 quidem
504 4035 770 4116 descriptionibus
793 4037 895 4096 oratio
918 4055 953 4094 se
978 4032 1130 4101 continet,
1153 4022 1156 4028 ’

126 4145 186 4210 sed
204 4156 353 4227 partem,
381 4160 460 4229 quae
481 4140 605 4270 reliqua
631 4153 701 4227 cst,
722 4138 763 4202 ad
785 4150 956 4220 sequentes
984 4152 1132 4200 numeros

975 4237 1132 4301 transmit·
