2859 4934
209 400 290 498 306
369 432 376 445 ·
477 387 481 396 ’
574 398 865 485 G.,Hermanni

210 583 271 654 ὄπ
293 593 425 674 ματέρος
445 603 478 655 et
494 582 585 668 v.57‘.
607 584 651 662 tle
670 592 700 656 ο)
720 588 755 655 erl
776 584 900 664 nter,
931 601 970 651 ot
993 590 1132 663 caeteri.
1158 592 1225 674 qnol

212 713 282 759 non
306 696 464 778 intelligo.
519 695 623 760 Facile
643 711 750 781 patet,
781 694 861 758 illud
883 693 954 757 tirel
979 714 1027 756 ex
1052 692 1116 759 rire*
1136 712 1226 761 natura

147 840 150 845 -
215 819 305 871 esse,
330 801 417 882 quod
438 803 509 882 quis
537 803 759 887 explicationis
785 821 892 866 caussa
917 820 938 862 e
961 801 1042 860 loco
1062 818 1125 861 sne
1146 800 1227 865 alien

218 920 318 968 verat.
361 905 441 968 lnde
456 907 507 979 id,
528 910 613 989 qued
631 909 787 971 Pindarus
809 906 961 978 dederat,
981 891 1159 985 expulsum
1175 903 1230 973 fnit.

214 1008 347 1083 Scribe,
366 1008 408 1080 ῶς
428 1007 489 1093 ἄρα
510 1010 701 1091 σπλάγχνων
721 1008 780 1074 tiro
799 1016 952 1092 ματέρος,
971 1023 1010 1071 et
1034 1027 1122 1087 quae
1140 1027 1232 1088 seqre·

218 1130 284 1180 tur.
332 1113 456 1177 Panwii
478 1114 514 1189 γλ
535 1137 565 1179 v.
580 1136 593 1192 ς
600 1135 629 1193 ς.
652 1118 689 1178 in
711 1131 820 1189 nostra
847 1136 1008 1178 versuum
1035 1113 1232 1194 dispositione

212 1219 350 1291 ,nullum
373 1241 463 1283 vsnm
484 1219 601 1290 babet.
638 1219 848 1301 neqoe'illnd
871 1220 1020 1284 omnino
1045 1238 1109 1302 per
1128 1215 1232 1282 senna

220 1324 393 1389 verborum
414 1323 468 1385 hic
489 1323 619 1385 tolerari
639 1338 755 1404 potest.

268 1447 317 1506 59.
337 1427 427 1490 Nihil
446 1448 578 1499 eorum,
608 1446 689 1507 quae
710 1428 772 1489 viri
787 1426 874 1491 docti
892 1425 952 1493 hic
976 1438 1161 1498 tentarunt,
1178 1426 1233 1490 satit

222 1534 391 1619 probabile
406 1546 465 1597 est.
508 1532 737 1595 Scribendnmc

152 1738 155 1743 Ι
450 1632 522 1718 καὶ
546 1634 736 1731 βασίλεια
758 1634 874 1719 θεῶν.

227 1758 292 1823 Cui
314 1759 447 1822 lectioni
469 1760 582 1823 videor
607 1761 689 1822 mihi
713 1760 893 1842 aliquanao
923 1756 1108 1821 scholiasta
1128 1755 1234 1819 anesi·
1262 1820 1266 1835 ,

227 1876 328 1925 tatem
361 1864 479 1925 addere
510 1882 628 1945 posse.
662 1866 699 1926 in
730 1885 796 1946 que
828 1882 919 1926 nnnc
945 1862 1095 1945 quidem
1123 1864 1166 1922 ita
1191 1851 1236 1922 etti

227 1965 246 2033 e*
267 1961 355 2027 α’λλσὲ
370 1970 470 2029 κεῖται
488 1963 556 2029 ec'vrl
576 1965 630 2029 τοῦ
646 1965 691 2029 δέ.
744 1967 833 2052 Quae
857 1968 1056 2032 obseruatio
1079 1987 1149 2028 non
1168 1967 1237 2027 aliter

231 2070 368 2149 aliquam
396 2072 465 2131 vim
499 2070 626 2143 babet,.
648 2071 712 2134 nisi
737 2072 765 2134 si
787 2072 844 2133 ille
870 2072 971 2134 verba
1002 2069 1096 2134 &ssu
1117 2072 1238 2149 fissiles
1273 2122 1275 2129 .

205 2164 208 2171 ¹
228 2178 335 2248 πέμπε
348 2172 515 2254 δράκοντας
527 2177 646 2259 pariter
665 2191 700 2238 vt
719 2195 772 2248 ea,
792 2194 875 2257 quae
897 2177 1126 2258 praecedunt.
1147 2177 1183 2236 ab
1194 2173 1238 2236 isto
1273 2156 1277 2179 ²

230 2274 274 2348 sic
292 2276 379 2358 quod
397 2298 428 2341 v.
442 2299 490 2357 57.
509 2297 574 2355 est,
596 2281 665 2365 regi
682 2280 817 2363 putauit.
861 2279 901 2339 Vt
922 2280 968 2340 ita
995 2280 1126 2342 diceret
1145 2279 1238 2341 Pinda-

230 2401 304 2447 rus:
327 2384 429 2445 dicam
449 2385 614 2467 quomode
632 2398 726 2446 natus
744 2386 786 2448 sit
802 2383 979 2457 Hercules,
1003 2383 1173 2464 quomodo
1192 2380 1239 2443 lm·

233 2499 299 2551 stra
326 2486 487 2549 Iunonem
510 2490 654 2563 latuerit,
684 2503 716 2552 et
739 2486 902 2570 quomode
922 2487 980 2549 ills
1001 2491 1134 2553 miserit
1154 2488 1239 2550 draeo·

235 2611 306 2656 net.
348 2592 445 2672 Atqui
463 2594 492 2655 si
508 2593 571 2656 boc
588 2595 743 2657 voluisset
763 2593 968 2665 scholiastes,
1001 2589 1098 2656 α’λλσῖ
1118 2613 1176 2677 pro
1192 2595 1241 2665 nc,

236 2718 306 2761 non
330 2717 389 2779 pro
409 2696 441 2760 tl
465 2697 644 2759 adhibitum
669 2699 811 2760 dixisset.
854 2697 951 2781 Quod
974 2697 1007 2758 si
1030 2698 1153 2775 verba
1176 2687 1243 2756 lttl

235 2798 319 2866 θεῶν
340 2801 504 2878 βασίλεια,
537 2816 568 2864 et
595 2821 677 2883 quae
690 2815 901 2884 sequuntur,
939 2821 957 2863 a
984 2799 1243 2885 praecedentibus

236 2918 378 2985 separata
404 2925 474 2968 esse
499 2908 641 2980 censuit,
675 2924 825 2988 quorsum
842 2903 920 2973 boc
950 2922 1094 2983 quaese,
1125 2901 1244 2971 monuit.

236 3006 322 3071 α’λλσί
336 3027 394 3090 pro
411 3009 443 3071 δὲ
458 3011 559 3092 poni?
603 3011 836 3094 Quidquamne
849 3009 992 3071 scilicet
981 3021 1158 3081 intererat,
1175 2997 1248 3069 itta*

237 3130 279 3172 an
298 3109 330 3172 δὲ
347 3114 499 3175 scriberet
514 3115 568 3192 hic
585 3115 770 3178 Pindarus?
812 3116 926 3183 lmine,
944 3113 971 3173 si
993 3132 1067 3176 non
1090 3110 1210 3195 plane
1202 3127 1246 3170 na·

238 3215 360 3297 peritus
383 3215 448 3279 fnit
465 3234 563 3300 atque
583 3221 713 3303 ineptus
738 3219 895 3300 interpres
916 3216 993 3287 ille,
1022 3233 1163 3277 necesse
1184 3222 1247 3280 erat,

191 3388 201 3394 ,
239 3334 275 3380 vt
294 3321 443 3394 sentiret,
471 3325 576 3406 aptius
594 3324 691 3384 etiam
714 3323 820 3386 verbis
839 3318 872 3383 ου’
890 3313 998 3382 table
1021 3319 1152 3402 opponi
1168 3310 1250 3409 αἰλλὲ,

240 3445 337 3507 quam
354 3425 397 3488 δέ.
441 3427 483 3489 At
503 3447 581 3490 vero
598 3442 683 3490 recte
697 3429 899 3497 scholiastes,
923 3424 952 3486 si
971 3423 1023 3485 uel
1045 3425 1105 3486 hic
1126 3419 1247 3490 inuenit,

239 3529 276 3589 id
299 3550 357 3612 pro
383 3527 417 3592 δὲ
435 3531 560 3594 tlictum
583 3534 719 3600 censuit.
773 3528 999 3613 Nequeiltudr
1017 3527 1109 3593 α’λλοί
1132 3524 1249 3590 aliunde

241 3650 381 3710 quame
408 3624 510 3714 glossa
537 3653 662 3713 ortum,
694 3656 777 3718 quae
802 3637 858 3698 vbi
885 3636 985 3722 semel
1007 3634 1045 3695 in
1078 3646 1249 3696 contextum

240 3737 402 3810 venisset,
442 3743 632 3821 transposita
656 3760 674 3801 a
701 3745 845 3805 metricis
875 3755 951 3804 sunt
983 3737 1085 3799 verba
1120 3733 1251 3814 βασίλεια

242 3830 339 3913 berit,
378 3843 473 3904 stab
501 3842 639 3905 librariis
669 3846 764 3908 etiam
792 3849 828 3908 in
855 3845 993 3910 scholio,
1010 3835 1104 3903 Attal
1130 3856 1189 3922 pro
1212 3827 1252 3897 tvl

239 3944 338 4005 scribi
360 3961 521 4026 coeptum.
615 3967 636 4015 ·,

286 4066 337 4124 71·
359 4051 434 4120 Aloe
447 4072 487 4112 ex
499 4053 707 4121 adnotatione
718 4071 836 4118 ortum
856 4050 1047 4136 tegendum
1063 4048 1172 4137 6ρλοὼ
1182 4038 1254 4128 ‘1¹¹⁰‘l

243 4153 336 4222 etiem
360 4155 544 4222 scholiastes
566 4159 694 4238 hebuit,
715 4179 772 4244 per
793 4179 831 4222 ars
824 4156 886 4220 κάν
907 4157 1085 4238 explicans.
1213 4245 1246 4311 Ἠ
