2859 4934
234 415 328 491 30'
482 358 491 366 .
624 373 897 492 Fragmenta
991 461 993 464 ,

227 583 325 646 sterh.
346 580 385 642 ad
408 579 541 644 Lucisni
557 578 596 643 T.
606 580 629 642 l.
654 603 684 663 p.
697 600 767 656 ²7²·
808 583 949 667 Reliqua
971 584 1013 648 de
1029 584 1136 666 Pane,
1158 608 1235 672 quae

227 687 309 748 scire
331 684 371 744 ad
394 703 524 745 sensum
549 685 699 745 carminis
727 686 941 751 adiuuandum
965 692 1119 767 interest,
1154 693 1234 755 dabit

226 789 389 849 d'Amaud
416 789 456 846 de
475 776 557 846 'Diis
587 787 746 870 παρέδρων
769 811 800 870 p.
818 811 887 867 ²05·
942 796 1074 856 Initium
1103 801 1234 859 tentauit

226 894 355 958 doctiss.
371 892 552 952 Valckenar.
570 892 609 951 ad
625 891 768 970 Euripid.
786 892 953 958 Phoeniss.
971 918 1001 979 p.
1015 917 1064 971 30.
1081 903 1135 960 cui
1151 903 1232 964 vide

225 999 317 1061 batur
338 996 529 1083 legendum:
566 988 658 1052 ὀπαδὲ
681 988 828 1071 Νύμφαις
849 1002 937 1074 σαῖς,
957 1000 1138 1079 asisinatae,
1171 1009 1192 1069 i.
1207 1029 1231 1071 s.

225 1103 314 1191 adsis
333 1099 422 1161 nobis
440 1094 564 1158 hilaris.
609 1094 671 1154 Sed
693 1094 732 1158 de
751 1099 811 1160 hac
826 1103 888 1162 viri
906 1097 1038 1165 maximi
1054 1109 1232 1174 coniectura

115 1219 119 1224 '
223 1208 379 1269 iudicium
404 1223 503 1285 penes
526 1199 690 1269 eruditum
712 1200 863 1264 lectorem
885 1210 971 1271 esto!
1001 1209 1108 1272 Semi,

309 1305 528 1389 Κεχοιριομένα
548 1306 602 1365 illa
627 1304 780 1365 videntur
801 1328 870 1370 osse
893 1313 1005 1374 selecta
1031 1317 1171 1377 carmina
1194 1335 1230 1378 ex

163 1410 165 1424 '
223 1414 358 1475 aliorum
374 1427 528 1471 numero:
548 1427 763 1502 =quaecuuque
778 1413 904 1473 tandem
920 1417 974 1475 illa
989 1414 1123 1498 fuerint.
1167 1421 1230 1484 Me·
1272 1418 1274 1423 ’

222 1531 310 1576 trum
335 1529 442 1574 autem
468 1511 641 1596 fragmenti
666 1514 709 1574 ita
736 1513 903 1576 constituit
924 1518 1075 1589 Hermas.
1100 1526 1142 1588 de
1166 1547 1228 1590 mc·

219 1623 276 1682 tris
301 1638 414 1703 p.414.
445 1701 448 1707 Ι
478 1702 481 1707 ¹
1064 1680 1067 1685 .

146 1744 150 1755 ‘
322 1711 352 1803 d
378 1720 475 1812 Ποῖν,
497 1709 704 1823 Ἀρκαδίας
728 1711 849 1819 μέδων
873 1727 1066 1818 κλεενναῖς,

320 1841 509 1950 ὃρχιοοτοὲ,
536 1842 706 1946 βρομίαις
732 1833 848 1922 lasis
873 1841 1064 1950 Νύμφαιςι

319 1959 548 2064 γελάσειας,
584 1951 733 2054 οἶΠοὶν,
757 1961 816 2044 ἐπ’
841 1971 948 2065 ἐμαῖς
1036 2005 1040 2013 ·

258 2135 261 2140 ·
319 2081 556 2191 εὐφροσύναις
580 2075 719 2167 iniisti
742 2088 1006 2193 κεχαρημένος.

217 2217 312 2283 Aliud
334 2218 484 2286 Scnlion:
1006 2302 1009 2306 A

318 2318 566 2429 ἑνιαήοαμεν,’
588 2315 636 2401 ὦς
658 2314 947 2420 ἑβοολόμεοθα,
1065 2403 1075 2410 ,

311 2440 384 2524 οιαὶ
407 2441 508 2540 νίκαν
532 2433 662 2551 ἔδοσαν
688 2438 794 2530 θεοῖ,
825 2442 999 2546 φέροντες

414 2564 424 2590 ἵ
586 2560 595 2586 Ι
705 2560 714 2585 S
792 2563 803 2592 l
898 2560 907 2586 2
1001 2559 1011 2588 Ι

315 2591 424 2671 παρα
448 2554 661 2666 Πανὸροοου
685 2593 732 2644 ως
757 2568 875 2668 (Padus
908 2564 1092 2660 Αθηναν.

186 2724 191 2737 «
215 2689 323 2767 (νίκαν
351 2719 395 2774 ῥ-
429 2685 470 2757 eis
494 2689 598 2767 Ιφίλοιν
625 2682 775 2751 'Aldina
804 2688 848 2748 ad
875 2688 1058 2753 Mineruam
1085 2691 1121 2750 in
1142 2691 1222 2753 Pau·

213 2781 305 2842 drosi
323 2780 422 2860 aede.)

647 2870 806 2892 *σ-

379 2997 402 3005 ''
431 2987 473 3080 Θ
508 3021 534 3112 ρ
568 2992 600 3108 ἤ
633 3019 662 3081 ν
695 3020 778 3133 οι.
844 3003 989 3094 (μεν.)

293 3171 464 3234 Pindarum
485 3186 518 3234 et
535 3173 596 3235 hoc
619 3172 765 3234 carminis
779 3192 879 3254 genus
894 3173 1033 3255 attigisse
1051 3195 1122 3237 cnm
1137 3177 1219 3238 mul·

209 3278 252 3339 tis
283 3290 425 3338 veterum
459 3278 650 3340 testimoniis
681 3292 827 3351 constat,
858 3262 979 3360 quibus
1002 3279 1120 3342 addere
1144 3282 1221 3344 licet

209 3383 380 3445 obscurum
398 3381 527 3464 Georgii
539 3382 712 3445 Galesiotae
728 3384 832 3443 locum
849 3383 885 3443 in
900 3381 1053 3444 Monodia
1069 3385 1104 3443 in
1115 3385 1220 3447 Theo·
1242 3439 1244 3443 ,

163 3515 167 3521 ·
209 3487 319 3550 dorum
335 3487 503 3550 Callistum
518 3468 754 3568 Xanthopulum
773 3485 858 3567 apud
876 3486 1023 3546 Allatium
1042 3488 1082 3547 de
1099 3488 1218 3551 Simeo-

207 3613 287 3653 num
301 3592 433 3673 Scriptis
448 3609 481 3670 p.
493 3607 561 3650 210.
578 3603 647 3648 tum
660 3590 810 3672 inprimis
827 3591 946 3650 clarum
961 3606 1008 3651 est
1024 3612 1062 3652 ex
1075 3595 1115 3656 iic
1128 3596 1219 3666 locis,

207 3676 287 3776 quos
315 3695 393 3757 inde
419 3695 584 3774 decerptos
610 3695 738 3776 quidam
759 3709 906 3755 veterum
928 3697 1119 3777 scriptorum
1144 3720 1218 3761 con·

206 3812 387 3860 sernarunt.
430 3796 493 3857 Sed
510 3796 652 3857 a'natura
665 3813 775 3860 nactus
793 3814 859 3860 erat
878 3800 1051 3882 ingenium
1062 3801 1103 3860 ad
1115 3822 1216 3884 genus

204 3901 290 3962 istud
311 3901 405 3962 molle
424 3914 455 3962 et
472 3901 578 3960 flebile
597 3919 664 3961 non
685 3903 761 3962 satis
783 3917 908 3984 aptum,
932 3925 993 3965 nec
1010 3907 1116 3986 potuit
1135 3909 1217 3990 aspi·

205 4023 276 4065 rore
295 4005 335 4065 ad
356 4004 465 4065 laudes
488 4002 674 4075 Simonidis,
689 4007 744 4084 qui
769 4009 805 4066 in
830 4011 929 4068 modis
955 4009 1090 4084 naeniae
1116 4012 1218 4093 expri-

150 4104 151 4107 ’
203 4109 331 4172 mendis
345 4110 490 4174 ninnium
503 4109 699 4190 reliquorum
711 4117 878 4192 poetarum
892 4125 1021 4174 conatus
1037 4117 1216 4194 superauit,

1184 4234 1220 4280 vt
