2859 4934
237 439 449 518 Commeut.
476 437 522 514 de
552 436 677 513 me-ttis'
702 433 858 516 Pindari.
898 438 939 524 P.
956 465 986 519 r.
1019 402 1124 522 ⁸201

235 626 354 717 dustein
375 627 411 711 δή
430 649 469 714 με
490 625 576 690 σι’ωσι
597 627 676 705 θεοί,
700 630 750 693 καί
771 631 867 694 oiuud'
885 633 1005 710 ἵκωμαι.

121 745 205 810 Inde
221 745 390 826 colligitur,
413 742 571 802 eiusmodi
584 742 687 806 hiatus
703 746 738 804 in
754 746 823 807 aliis
839 765 992 808 versuum
1008 751 1132 830 generi·

115 853 185 915 -bus
201 862 255 917 aut
272 847 503 928 corruptionis,
526 860 580 906 aut
603 863 776 907 metrorum
794 851 880 910 male
901 851 1133 936 descriptorum
1216 873 1218 876 ⁴

121 955 244 1019 indicia
259 973 337 1014 esse.
382 951 434 1012 Sic
449 951 487 1012 in
506 952 654 1037 Aeschyli
673 953 872 1037 Chasphoris
892 957 970 1018 inde
985 977 1003 1018 a
1017 979 1048 1022 v.
1062 964 1133 1024 288.

121 1062 205 1125 haec
223 1062 394 1142 leguntur:
436 1102 441 1113 ,

294 1157 344 1222 καί
362 1160 428 1228 τοῖς
447 1157 587 1229 retuu'rutt
608 1150 677 1224 odra
693 1157 841 1242 κρατῆρος
860 1157 951 1245 μέρος

116 1292 121 1299 ⁸
226 1329 228 1333 ,
294 1254 373 1339 εἶναι
394 1248 578 1347 μενασχεῒν,
603 1262 637 1326 ον’
658 1261 861 1344 φιλοσπόνδου
881 1262 982 1342 λιβός,
1035 1291 1037 1295 ·

294 1367 411 1445 βωμιίν
430 1368 459 1432 τ’
482 1360 635 1451 ω’πείργειν
656 1364 891 1451 οὐχ’δρωμένην
911 1368 1028 1458 πατρίς
1123 1448 1125 1453 .
1204 1376 1206 1385 '

295 1470 384 1552 μῆνιν
404 1471 570 1552 δέχεάθιιι,
599 1464 669 1536 od‘rs
689 1473 830 1536 συλλύειν
849 1470 928 1544 raud.

129 1584 223 1668 Quae
242 1583 354 1666 aiipsa
375 1605 508 1646 resnou
527 1565 711 1646 ostenderet
732 1599 877 1667 corrupta
898 1606 983 1658 esse,
1006 1587 1080 1651 satis
1104 1585 1140 1648 id

127 1691 237 1763 hiatus
246 1689 517 1751 demonstraturus
528 1687 618 1752 foret.
643 1691 686 1750 Ea
699 1710 777 1752 vero
789 1691 836 1752 sic
847 1690 1033 1770 corrigenda
1046 1704 1138 1763 sunta

245 1791 359 1872 Ιβωμῶν
378 1791 408 1856 r'
428 1791 582 1874 α’πείρνειν
601 1790 661 1872 οὐχ
681 1791 835 1876 ὁρωμένην
853 1789 970 1876 πατρίς

247 1897 345 1978 μῆνιν·
367 1893 517 1977 δέχεσθαι
537 1894 564 1958 δ’
585 1892 654 1962 οὔτε
673 1898 830 1961 σωλλιύιιιν
848 1896 925 1962 τινά.

132 2009 250 2092 Neque
262 2010 414 2090 hospitio,
439 1998 553 2089 inquit,
575 2025 775 2092 accepturum
790 2029 845 2072 eoa
858 2028 1044 2090 quemquam
1062 1990 1142 2086 esus,
1159 2000 1161 2004 ⁵

133 2135 242 2198 neque
263 2134 325 2176 vna
348 2115 535 2174 leuaturum.
585 2115 841 2176 'Alterumenim
864 2107 934 2178 νιίτε
950 2119 1080 2188 omisit,
1109 2129 1145 2177 vt

134 2223 295 2284 Pindarus
311 2219 404 2300 Pyth.
415 2218 452 2290 X,
461 2219 510 2294 46.
522 2214 607 2280 νιινσὶ
620 2213 723 2281 d'oti'rc
739 2213 836 2305 πεζιίς
850 2215 913 2282 ίω’ν.
957 2220 993 2281 ln
1007 2212 1145 2281 Pindaro

136 2341 242 2388 autem
261 2326 381 2406 ubique
399 2325 459 2385 iste
476 2323 579 2407 hiatus
602 2322 783 2394 obtinebat,
810 2333 908 2402 quern
926 2324 1148 2404 adenmetrici

138 2433 371 2512 neglexerunt,
393 2441 430 2488 vt
447 2429 562 2486 mirum
577 2428 720 2496 nonsit,
742 2445 807 2498 eos,
830 2427 886 2507 qui
904 2427 1148 2514 tam'luculenta

138 2553 294 2597 versuum
308 2531 591 2594 describendorum
606 2533 797 2594 adminicula
810 2534 1071 2612 contempserint,
1080 2531 1148 2594 fru-

141 2652 207 2703 stra
222 2639 258 2697 in
278 2637 389 2697 metris
409 2624 602 2716 explicandis
621 2637 788 2698 laborasse.
831 2635 899 2696 Nos
921 2638 1052 2716 quidem
1069 2657 1149 2720 quo·

141 2745 204 2807 tica
220 2741 294 2803 eum
310 2741 432 2800 hiatum
445 2734 691 2820 obpulerimut,
720 2737 814 2800 facile
830 2742 961 2820 quisque
979 2744 1150 2826 intelliget,

141 2831 327 2931 comburatis
348 2847 432 2906 inter
452 2861 486 2906 se
507 2832 617 2907 nostra
645 2857 677 2904 et
703 2845 804 2904 veteri
822 2859 991 2907 metrorum
1015 2849 1151 2914 ratione.

142 2953 237 3023 Nam,
256 2965 292 3012 vt
306 2969 371 3011 vno
389 2951 536 3030 exemplo
555 2947 785 3031 defungamur,
806 2967 919 3011 nonne
933 2963 1033 3032 prope
1052 2952 1153 3013 incre·

144 3058 246 3122 dibile
266 3069 322 3126 est,
345 3055 380 3114 in
394 3053 472 3116 XlV.
491 3053 686 3135 Olympicor.
699 3053 859 3136 ita'digeri
873 3074 988 3119 versus
998 3059 1152 3141 potuisse,

203 3228 205 3233 Α
258 3153 459 3261 Καφισίων
480 3146 628 3236 ὑδάτων
653 3161 793 3254 >taxei-
880 3181 883 3191 '

311 3309 391 3368 σαι,
415 3272 501 3361 aira
521 3277 646 3361 velera
670 3279 934 3365 καλλίπωλον
957 3275 995 3363 ἕ-

311 3393 411 3506 ιλρνιν.Ι

145 3534 252 3615 idque
263 3532 325 3597 hoc
337 3532 435 3614 magis
448 3530 632 3590 mirandum
642 3511 700 3603 est,
711 3534 796 3613 quod
806 3532 840 3606 ii,
850 3534 904 3614 qui
913 3534 1158 3596 hancratioustn

148 3639 278 3733 sequuti
288 3650 371 3707 sunt,
383 3654 508 3729 carmen
520 3633 599 3694 illud
611 3654 677 3697 non
686 3652 842 3723 >putarunt
858 3640 1159 3722 antistrophicorum
1244 3727 1247 3734 Ι

92 3748 95 3756 ’
149 3739 404 3827 legatoriorum,
425 3751 459 3799 vt
473 3739 556 3798 nibil
573 3740 669 3819 plane
684 3756 778 3814 esset,
798 3742 886 3822 quod
899 3743 1014 3804 melius
1031 3743 1160 3825 disponi

150 3870 263 3913 versus
280 3846 476 3930 prohiberet.
519 3843 610 3933 Quin
627 3845 708 3923 illud
730 3867 858 3929 quoque
876 3849 916 3908 iis
935 3844 1162 3908 admonitionis

143 3956 223 4018 'locu
240 3973 309 4016 csse
331 3948 484 4019 debebat,
510 3946 596 4028 quod
613 3952 771 4014 secundus
787 3971 911 4025 versus,
938 3954 1038 4014 recisa
1057 3953 1164 4036 prima

153 4060 290 4142 syllaba,
324 4070 356 4118 et
376 4054 497 4136 adiecta
522 4052 630 4113 'vltima
654 4057 746 4118 verbi
774 4056 883 4140 ἔδρων,
917 4076 986 4144 non
1013 4058 1164 4139 ignotum

154 4165 328 4251 quodpiam
343 4173 375 4224 et
387 4142 520 4233 nouum,
546 4157 603 4221 sed
619 4137 825 4224 notissimum
845 4173 939 4242 atque
961 4179 1020 4222 vsu
1041 4158 1164 4220 tritissi-

415 4276 422 4283 ’
554 4270 569 4291 ’·
1078 4282 1164 4326 mutu
