2859 4934
211 393 293 471 208
576 374 624 455 G.
649 360 865 469 He'rtnauni-

208 574 294 659 buod
315 572 385 635 fieri
395 589 463 633 nun
478 589 572 653 posse
586 589 679 653 supra
693 569 905 634 ostendimus.
951 568 1066 652 Itaque
1082 572 1136 655 qui
1146 575 1204 639 eliu

209 696 352 764 quartus,
369 679 505 765 'quintus
528 688 560 734 et
580 687 687 737 sextus
703 695 818 767 ¹versus
838 678 1116 750 numerahntur,
1136 701 1208 742 uuus

207 784 339 848 indues
362 781 458 842 diuisi
479 794 572 850 suut,
603 780 648 865 ita
663 796 698 842 vt
720 783 839 863 primus
859 778 1038 843 iaiubicum
1053 784 1206 865 pentheui

209 911 315 954 meres
336 890 394 957 sit,
418 887 496 946 alter
517 903 671 965 epaeoue
691 899 803 964 quarto
826 900 858 947 ct
879 878 1061 969 antispasto
1078 905 1110 952 et
1129 892 1205 953 duch—

209 998 420 1059 miocoustet.
463 992 571 1070 anue
583 991 675 1061 tatio,
696 993 725 1050 si
739 991 813 1071 quis
823 1010 935 1054 versus
951 1011 1070 1056 omnes
1087 996 1206 1059 interae
1250 1014 1251 1047 t

209 1099 400 1165 contulerit,
434 1108 465 1158 et
485 1096 524 1155 ad
540 1115 715 1169 tiumerum
738 1109 769 1157 et
790 1096 830 1156 ad
848 1097 1079 1161 vocabulorum
1095 1100 1207 1163 diuisio-

208 1223 286 1267 nem
303 1203 390 1262 iuter
407 1214 544 1261 caeteras
560 1199 721 1279 aptissima
740 1213 804 1265 est.
849 1199 981 1263 Nam
954 1223 984 1267 ss
1008 1205 1102 1267 verbi
1117 1227 1206 1270 caussa

207 1327 317 1372 versus
332 1308 378 1368 eic
393 1304 632 1375 diuidereutur,

257 1397 339 1509 ἦτοι
366 1407 468 1489 Πίσα
494 1408 564 1506 μὲν
588 1402 692 1499 Διὸς,
714 1400 1084 1559 ’Olivpmaitbttiw
1058 1447 1169 1496 εστα-

309 1562 371 1612 σεν
395 1528 621 1635 Ηρακλέης,

207 1668 242 1716 vt
257 1654 379 1735 primus
395 1670 412 1712 e
426 1654 551 1732 ‹liporlia
565 1652 697 1713 iambica
711 1665 743 1712 et
756 1651 869 1716 ordine
884 1658 1044 1737 paeonico
1058 1660 1207 1741 periodica

208 1773 377 1827 constaret,
400 1759 576 1817 molestiam
596 1755 735 1818 factitius
757 1773 837 1819 esset
857 1761 990 1821 creticus
1009 1782 1041 1823 v.
1055 1781 1103 1839 19.
1120 1761 1208 1846 μόρσι-

206 1886 279 1942 μος.
302 1866 357 1943 qui
379 1876 452 1922 aute
471 1856 638 1941 κιιτᾶληῖιν
654 1879 745 1943 asper
765 1873 796 1921 et
812 1859 1015 1925 refractarius
1034 1882 1095 1929 est.
1137 1869 1207 1929 Nam

208 1970 269 2031 etsi
291 1967 475 2048 perelegans
500 1980 548 2029 est
568 1965 686 2045 Heynii
707 1965 905 2038 coniectura,
934 1965 983 2029 ss*
999 1961 1103 2048 ὄλβον
1120 1994 1154 2034 τι
1169 1971 1208 2034 nai

111 2080 114 2084 '
207 2074 302 2156 χαίρω
321 2067 413 2147 ἄγων,
446 2072 566 2137 tamen',
588 2090 684 2150 quum
705 2089 765 2170 nec
789 2084 939 2142 metrum,
967 2077 1207 2140 mutata-descri-

208 2180 322 2260 ptione
341 2195 501 2246 versuum,
525 2175 670 2254 vulgatae
685 2175 816 2235 lectioni
831 2175 1030 2250 aduersetur,
1051 2199 1114 2243 nec
1132 2203 1208 2265 repe·

207 2283 300 2343 titum
326 2279 376 2343 ἐπὶ
399 2281 535 2361 placeat,
566 2298 627 2341 nec
649 2278 788 2360 denique
806 2281 889 2362 apud
909 2281 1121 2378 Scholiastam
1142 2290 1208 2352 satis

206 2389 289 2448 clara
306 2387 491 2468 Heyniauae
508 2382 657 2444 lectionis
680 2385 812 2466 vestigia
830 2372 969 2458 exsteut,
987 2408 1060 2452 nou
1080 2394 1209 2456 adducet
1249 2446 1251 2451 .

205 2490 367 2570 equidem,
391 2504 426 2548 vt
447 2490 487 2549 ab
502 2489 652 2549 librorum
674 2490 872 2552 auctoritate
879 2493 1100 2557 recedendum
1112 2499 1209 2561 existi

205 2615 305 2656 ntem.
355 2593 514 2675 Septimus
533 2614 660 2664 versus,
682 2594 737 2674 qui
758 2595 852 2656 uobis
873 2598 1007 2677 quintus
1028 2617 1096 2676 est,
1120 2620 1208 2670 etta
1240 2640 1242 2645 ·

205 2701 303 2765 chaeu
331 2713 362 2759 et
383 2699 513 2779 stropho
536 2714 681 2768 constat,
715 2718 808 2782 quem
834 2695 999 2779 ¹quomodo
1023 2707 1208 2774 Scitoliastes

203 2805 346 2868 Ionicum
362 2823 378 2862 a
393 2804 515 2865 minore
530 2805 698 2865 dimetrum
721 2805 931 2867 catalecticum
948 2812 1111 2893 appellet,
1131 2818 1209 2878 nulla

204 2912 329 2972 ratione
349 2922 453 2990 potest
466 2909 621 2993 intelligi.
671 2909 737 2992 Qui
755 2911 851 2992 vulgo
871 2927 1001 2977 octauus
1024 2938 1139 2985 versus
1158 2937 1209 2994 ert,

205 3034 276 3076 curu
297 3033 353 3083 eo,
382 3015 437 3092 qui
460 3014 666 3092 sequebatur,
698 3014 736 3074 in
757 3036 855 3076 vnum
876 3021 1122 3104 coniungendas
1139 3042 1208 3099 crat,

203 3118 289 3199 quod
310 3137 377 3179 non
398 3119 494 3179 modo
510 3120 619 3185 vltima
637 3119 741 3181 octaui
754 3120 881 3199 syllaba,
904 3116 989 3202 quae
1008 3129 1131 3210 vbique
1145 3135 1207 3195 lou·

203 3241 242 3304 ga
263 3235 319 3291 est,
342 3221 501 3293 suadebat,
523 3224 579 3283 sed
594 3225 662 3283 iure
681 3243 738 3284 suo
760 3227 962 3304 postulabant
976 3252 1007 3293 v.
1023 3237 1082 3295 116
1100 3252 1132 3298 et
1147 3259 1207 3314 130.

201 3326 239 3387 in
259 3324 372 3406 quibus
389 3318 473 3386 α’λλιῖ
491 3340 523 3386 et
535 3320 657 3398 ἄνθεμα
675 3328 771 3408 vulgo
786 3332 871 3392 male
886 3322 1088 3403 diuiduntur.
1128 3345 1206 3405 Tum

202 3451 281 3494 vero
304 3432 400 3492 etiam
420 3451 450 3490 v
470 3448 538 3502 15²·
565 3431 679 3500 verba,
712 3431 744 3497 ἐς
763 3430 796 3491 δὲ
820 3430 855 3494 ro*
870 3431 945 3509 τοῖν,
975 3439 1156 3523 elegantius
1175 3450 1205 3510 in

203 3538 315 3601 eodem
337 3554 470 3597 numero
491 3537 732 3595 continuantur.
776 3535 889 3598 Versus
912 3537 1067 3618 decimus,

535 3637 769 3734 ’γεγωνητεον
790 3634 862 3729 ὄπι,

191 3760 242 3822 'ex
260 3760 362 3820 iambo
388 3774 419 3821 et
438 3759 571 3840 stropho
588 3778 722 3827 constat,
746 3781 841 3840 quem
861 3767 997 3845 pessime
1018 3776 1146 3839 metrici
1158 3796 1203 3840 an-

200 3864 393 3945 tispasticum
417 3883 484 3925 esse
509 3881 629 3944 putant.
680 3867 795 3928 Versus
819 3888 866 3931 12.
1230 3853 1232 3861 Ι

422 3965 554 4071 {berou
576 3965 855 4073 Ακριίγαντος,

200 4087 229 4154 si
248 4101 332 4152 esset
354 4090 575 4171 antispasticus
595 4093 727 4158 dimeter
756 4098 1090 4183 brachycatalecticus‚
1125 4108 1206 4192 quoti

1158 4217 1207 4279 isti
