2859 4934
286 425 362 503 ιιι
491 496 496 505 ,
646 407 693 490 G.
721 406 929 488 Hermanni

283 605 416 695 finiant,
436 582 617 691 cognospag.
665 601 703 662 Iu
724 599 784 662 hac
803 599 893 661 enim
910 617 947 659 re
967 595 1114 657 maxime
1133 609 1279 680 peccatum

285 686 321 773 in
342 686 462 771 melicis
488 706 677 770 carminibus
699 704 901 766 innenimust
930 719 1025 783 quam
1047 703 1077 762 si
1102 702 1174 782 quis
1194 702 1281 782 probe

287 814 446 894 cognitam
468 813 581 882 habet,
614 811 654 870 de
675 810 806 870 caeteris
829 826 897 868 non
919 803 1075 897 estquod
1099 823 1284 890 *magnopere

287 917 420 977 laboret.
462 917 630 994 Descripto
647 914 734 975 enim
749 928 895 975 versuum
909 908 1037 978 ambitu,
1052 925 1177 970 caetera
1194 930 1231 970 ex
1242 909 1284 979 iis,

290 1038 371 1098 quae
393 1020 543 1100 cuiusque
566 1018 692 1078 numeri
713 1015 859 1098 propriae
877 1014 965 1093 leges
989 1027 1084 1086 sunt,
1107 1011 1208 1075 ¹facile
1226 1032 1286 1096 per·

291 1123 484 1203 spiciuntnr.
545 1121 621 1204 Quo
647 1105 746 1203 magis
769 1131 897 1201 oportet
924 1136 1031 1179 curam
1060 1114 1228 1186 adhibere,
1258 1126 1288 1174 rt

293 1223 378 1285 hanc
398 1245 530 1286 ornnem
547 1227 721 1311 prationem,
757 1226 828 1286 sine
850 1242 910 1304 qua
937 1222 1021 1290 nihil
1043 1221 1079 1280 in
1101 1219 1164 1279 hoc
1181 1236 1289 1301 genere

296 1327 373 1387 certi
393 1342 458 1398 est,
485 1330 654 1411 diligenter
677 1329 881 1410 explicemus.
923 1327 1014 1403 Quae
1034 1325 1193 1406 quoniam
1213 1342 1291 1404 prae·

215 1448 218 1453 ·
295 1431 443 1492 termissa
468 1433 506 1493 ab
527 1435 619 1494 nobis
641 1447 687 1492 cst
706 1433 742 1493 in
765 1433 821 1501 iis,
855 1451 934 1513 quae
959 1417 1134 1512 superiore
1151 1438 1237 1489 anno
1257 1427 1293 1487 de

296 1533 409 1594 metris
427 1549 587 1614 poetarum
612 1533 798 1595 Graecorum
817 1547 849 1594 et
865 1538 1085 1598 Romanorum
1105 1533 1298 1614 scripsimus,

298 1634 353 1696 hic
384 1635 422 1697 de
446 1656 481 1697 ea
510 1638 591 1698 clare
619 1652 714 1716 atque
744 1654 887 1701 accurate
915 1639 1084 1702 dicendum
1114 1639 1322 1718 putarimus·

119 1773 121 1777 ν
204 1810 206 1814 ,
298 1736 380 1800 Nam
397 1753 434 1805 ,et
451 1759 500 1802 res
519 1722 586 1821 ipsa
606 1741 730 1803 facilius
747 1743 956 1826 intelligetur,
979 1747 1007 1806 si
1023 1743 1132 1806 omnia
1149 1743 1187 1803 in
1207 1754 1299 1801 vnum

299 1841 405 1903 locum
426 1858 575 1926 'congesta
596 1863 661 1905 vno
683 1862 853 1925 conspectu
876 1849 994 1910 intueri
1013 1848 1143 1919 licebit,
1167 1859 1201 1906 et
1221 1862 1299 1905 corn·

229 1951 233 1958 '
301 1947 515 2011 modoetiam
541 1951 720 2011 consuletur
746 1950 896 2011 lectorum
922 1945 1117 2032 nos'troque,
1154 1952 1183 2013 si
1209 1948 1302 2012 semei

304 2053 469 2132 explicatis
489 2054 621 2134 legibus,
643 2072 719 2133 quas
737 2053 773 2113 in
790 2053 997 2136 disponendis
1012 2050 1145 2116 Pindari
1164 2053 1303 2114 versibus

304 2155 431 2233 sequuti
450 2174 579 2226 sumus,
600 2157 636 2216 in
655 2158 789 2239 singulis
811 2157 1000 2219 carminibus
1020 2156 1224 2240 repetitionis
1246 2169 1303 2215 tac·

307 2256 398 2317 dium
424 2261 603 2321 vitabimus.
655 2260 764 2349 ltaque
789 2260 825 2319 in
847 2263 945 2322 altera
967 2261 1063 2323 huius
1085 2259 1306 2343 disputationis

307 2374 413 2440 parte,
458 2363 622 2446 descriptis
651 2362 900 2441 uniuscuiusque
928 2366 1075 2427 carminis
1102 2366 1236 2437 metris,
1265 2383 1307 2433 ιι,

308 2480 391 2541 quae
407 2464 443 2523 in
461 2464 532 2545 ipso
551 2481 642 2548 poeta
661 2468 774 2527 vitiosa
793 2466 995 2541 videbantur,
1019 2469 1180 2552 corrigere
1194 2467 1310 2531 studui·

309 2585 389 2629 mus.
448 2569 486 2629 In
509 2588 572 2648 qua
596 2589 632 2630 re
654 2571 774 2650 insigni
798 2570 942 2630 comitate
968 2573 1017 2632 vsi
1042 2592 1154 2646 sumus
1182 2571 1310 2652 Heynii,

311 2671 368 2744 qui
390 2691 490 2751 quum
510 2675 601 2746 metri
620 2676 839 2734 tantummodo
858 2693 962 2733 curam
975 2675 1068 2736 nobis
1083 2666 1311 2742 demandasset,

311 2786 420 2836 tamen
451 2777 561 2847 etiam,
587 2777 715 2857 siquid
740 2792 861 2858 praeter
887 2776 979 2836 metri
1000 2781 1225 2844 necessitatem
1251 2797 1313 2837 mu·

313 2880 449 2939 tandum
466 2900 682 2951 censeremus,
706 2881 739 2939 id
761 2878 887 2968 silentio
906 2879 945 2938 ab
962 2879 1056 2942 nobis
1076 2884 1245 2964 praeteriri
1261 2900 1313 2943 no

313 2982 384 3044 luit.
425 2984 469 3044 Ac
488 3002 690 3045 numeramus
704 2982 813 3042 hocin
831 2981 1034 3043 recreationis
1052 3000 1084 3045 et
1102 3005 1207 3068 prope
1223 2988 1315 3059 etiarn

314 3085 461 3146 beneficii
480 3088 570 3158 loco,
597 3088 683 3167 quod
703 3086 795 3148 fessis
818 3085 911 3146 nobis
929 3101 1101 3148 metrorum
1123 3091 1315 3173 peruestiga·

289 3190 291 3193 ’
315 3191 423 3266 tione,
451 3207 541 3268 quarn
564 3193 696 3263 exilem,
728 3192 848 3270 siquis
876 3191 969 3251 voice
990 3193 1024 3251 in
1049 3213 1085 3252 ea
1110 3195 1268 3265 elaboret,
1288 3205 1316 3254 et

316 3292 440 3353 liberali
461 3293 592 3372 iugenio
619 3296 778 3356 nonsatis
798 3295 923 3374 dignam
944 3315 1131 3371 censemus,
1153 3300 1194 3360 ad
1210 3301 1316 3362 iucun-

268 3412 271 3417 “
319 3398 407 3458 diora
422 3400 496 3458 artis
513 3398 638 3458 criticae
654 3399 757 3460 studia
776 3399 881 3458 redire
899 3399 998 3460 licuit.
1036 3402 1152 3481 ltaque
1170 3402 1207 3462 in
1228 3401 1317 3462 adno-

320 3501 492 3561 tationibus
509 3504 625 3564 nostris
638 3503 721 3571 hanc
733 3505 887 3563 rationem
903 3506 1075 3575 tenuimus,
1096 3497 1143 3576 it,
1161 3524 1244 3584 quae
1260 3523 1317 3566 cor·

251 3686 252 3690 Ἰ
319 3605 558 3685 ιὶςειιάιιιοιιίε
577 3605 777 3676 viderentur,
800 3608 905 3694 omnia
923 3609 1153 3680 indicaremus,
1182 3629 1245 3670 nec
1261 3607 1318 3670 nisi

232 3757 235 3762 .
321 3710 510 3771 necessitate
539 3707 665 3768 adducti
697 3711 737 3770 ad
768 3711 1057 3792 interpretationem
1091 3714 1317 3783 accederemus,

323 3834 422 3894 quae,
458 3813 633 3873 dummodo
654 3813 750 3873 lectio
773 3831 961 3896 perpurgata
990 3818 1048 3887 sir,
1082 3837 1141 3899 pro
1173 3820 1320 3897 cuiusque

323 3939 421 3995 sensu
439 3934 534 3996 atque
555 3917 684 3977 arbitrio
704 3919 830 3978 institui
851 3932 966 4000 potest.
1009 3920 1141 4000 Sequuti
1161 3921 1262 3984 atttem
1278 3942 1321 3983 su·

232 4031 234 4035 ’
324 4043 397 4084 mus
417 4025 452 4082 in
474 4023 532 4082 hac
553 4037 624 4086 tota„
641 4021 863 4083 dissertatione
882 4025 1087 4087 nouissimam
1109 4029 1322 4093 recensionem

324 4128 462 4208 Heynii,
483 4145 563 4206 quae
585 4146 646 4206 quo
669 4127 769 4208 magis
788 4129 922 4192 caeteris
942 4130 1089 4194 omnibus
1110 4145 1265 4215 praestat,
1288 4147 1323 4190 eo

1231 4254 1325 4297 matus
