2859 4934
230 418 308 492 302
503 410 507 419 '
593 385 640 468 G.
667 386 892 467 Hermanni·

224 605 379 653 summam
405 552 662 666 argumentorum
689 580 951 664 probabilitatem
979 583 1134 650 animum
1160 589 1233 653 obiit·

223 712 324 757 masse
350 692 505 751 videatur.
548 686 708 770 Equidem
735 685 820 748 cette
840 700 975 760 metuo,
999 711 1068 762 ne,
1094 696 1234 774 quumtla

222 800 309 862 illius
328 791 560 858 emendationis
578 792 709 853 veritate
727 776 898 866 addubito,
920 790 1059 855 facilius
1079 793 1145 876 ipsi
1162 795 1233 859 ticl-

222 901 338 969 stadio,
360 900 451 960 cuius
474 897 742 979 incomparabiliis
767 898 921 960 modestia
941 913 1010 970 est,
1035 917 1137 979 quam
1160 902 1238 964 milti·

221 1006 349 1083 metipsi
369 997 568 1063 satisfaciam.
612 1002 656 1060 tlc
681 996 940 1081 fortasseque
968 1002 1230 1085 displicentem

222 1109 261 1171 ad
279 1108 536 1179 emendatorem,
559 1105 615 1167 sed
637 1105 675 1164 ad
696 1104 802 1187 ipsum
820 1121 950 1190 poetam
967 1109 1143 1180 attinent.
1165 1108 1231 1173 litu

219 1230 257 1283 yt
277 1215 331 1274 alii
356 1213 450 1273 multi
474 1210 596 1272 similes
619 1211 681 1270 loci
705 1210 789 1293 apud
809 1226 936 1274 veteres
961 1226 1085 1293 poetas
1112 1227 1228 1287 exstent,
1262 1284 1265 1297 Ι

222 1318 283 1379 erit
300 1331 427 1386 tamen,
452 1315 538 1395 quod
555 1315 701 1377 subtilius
723 1319 981 1399 pemestigatum¹
995 1316 1124 1378 merito
1141 1336 1228 1401 repre
1262 1326 1265 1333 '

218 1421 320 1484 heudi
339 1433 439 1501 queat.
483 1418 624 1480 Tantum
639 1421 729 1481 enim
747 1419 852 1490 abest,
876 1432 911 1480 rt
931 1421 1036 1482 verba
1055 1415 1229 1497 rirst‘sini

109 1583 112 1587 .
158 1572 165 1585 ,
219 1524 450 1588 adornandam
470 1542 537 1584 rent
556 1523 675 1605 aliquid
696 1522 882 1594 conferant,
904 1535 941 1583 vt
963 1544 1039 1586 non
1059 1528 1227 1591 medonta

218 1634 342 1694 tionem
362 1627 467 1687 inutili
483 1627 699 1691 additamento
725 1647 876 1699 onerare,
898 1628 957 1689 sed
979 1625 1139 1711 frangere
1151 1632 1227 1693 etiam

218 1738 287 1796 vitu
306 1733 550 1813 comparationis
564 1733 741 1798 videantur.
785 1733 942 1794 Nimirum
962 1731 1006 1795 de
1023 1734 1227 1799 lucentinus

218 1838 410 1899 Theocritus
426 1837 480 1897 bic
493 1837 645 1918 loquitur,
665 1859 733 1900 nou
749 1838 789 1900 de
798 1838 862 1899 'dea
873 1840 1007 1909 Aurora,
1029 1839 1121 1920 quod
1141 1841 1224 1903 verbo

216 1936 399 2006 siusili-etse
412 1941 495 2004 satis
519 1940 700 2003 declarauit.
741 1943 849 2022 anue
867 1960 944 2004 sane
963 1940 1069 2025 longe
1095 1945 1223 2026 pulcrior

216 2062 264 2110 est
295 2062 327 2109 et
355 2045 394 2107 ad
422 2046 567 2107 animum
599 2046 864 2122 commonendum
893 2045 999 2126 aptior
1032 2049 1223 2128 comparatio,

216 2173 311 2233 quatu
333 2154 359 2214 si
381 2141 458 2212 ddae
475 2148 613 2211 Aurorae
630 2149 769 2233 imagine
787 2170 862 2214 rsus
884 2165 987 2222 esset,
1007 2151 1048 2213 in
1069 2155 1222 2236 qua-quod

216 2260 255 2321 ad
275 2259 417 2320 Helenae
439 2253 687 2339 pulcritudinem
710 2253 932 2319 illustrandam
960 2256 1142 2322 lectoribus
1162 2272 1223 2320 ante

215 2365 325 2425 oculos
364 2373 521 2443 ponuat,
565 2357 648 2418 nihil
689 2374 781 2432 erat,
822 2361 888 2422 uisi
918 2362 1081 2440 quaedam
1114 2363 1222 2445 speciei

214 2446 296 2529 vltra
329 2467 497 2529 humanam
532 2450 673 2526 decorae·
694 2465 868 2549 cogitatio,
913 2465 1051 2528 obscura
1085 2469 1168 2541 illa,
1195 2481 1221 2532 et
1258 2491 1262 2500 ·

214 2592 297 2653 quae
319 2571 420 2651 magis
445 2567 523 2650 quid
540 2588 607 2631 nou
632 2582 731 2642 esset,
753 2590 844 2651 quam
869 2570 949 2651 quid
969 2586 1074 2643 esset,
1104 2592 1221 2655 praete

213 2675 322 2739 ferret.
364 2673 446 2734 Tum
466 2692 559 2744 vero,
584 2674 613 2736 si
634 2673 724 2735 deam
742 2675 795 2737 hic
807 2675 985 2759 producere
1007 2691 1109 2758 poeta
1124 2679 1219 2751 uellet,

210 2782 290 2844 illud
311 2782 406 2842 etiam
425 2779 628 2859 spectandum
646 2782 675 2841 ei
694 2793 778 2850 erat,
800 2799 844 2840 ne
859 2782 1121 2861 comparationes
1135 2784 1173 2846 ab
1187 2785 1218 2845 iis

210 2888 307 2949 rebus
324 2899 456 2968 peteret,
481 2904 560 2964 quae
576 2884 663 2944 nulla
682 2885 779 2964 plane
794 2883 1017 2947 similitudinis
1035 2890 1218 2969 cognatione

210 2991 390 3052 cohaerent.
434 2989 468 3047 ld
486 2989 570 3048 euim
586 3007 653 3050 nen
669 2990 805 3053 oblectat
820 2991 959 3052 animum
972 2976 1151 3062 et'mulcet,
1170 2993 1215 3057 sed

210 3093 379 3156 confundit
404 3111 439 3153 ac
465 3093 641 3172 perturbat.
684 3093 872 3158 Cuiusmodi
898 3094 960 3155 boc
986 3107 1052 3169 est,
1084 3097 1215 3160 Aurorae

208 3199 287 3261 deae
314 3197 452 3258 similem
481 3215 549 3258 esse
573 3196 725 3259 Helenam
753 3194 787 3262 et
807 3199 944 3281 tempori
969 3219 1087 3265 verno.
1130 3203 1215 3284 Atqui

207 3302 278 3383 ipse
304 3301 494 3362 Theocritus
525 3300 598 3361 talia
622 3303 779 3366 subtiliter
804 3305 979 3367 diiudicare
1004 3305 1112 3378 solet,
1146 3329 1175 3369 v.
1191 3327 1212 3370 e.

206 3405 348 3466 carmine
363 3403 442 3467 Vlll.
473 3418 509 3464 rt
533 3423 616 3474 sno,
645 3408 702 3467 sed
729 3428 767 3469 eo
790 3409 1047 3472 luculentissimo
1072 3413 1213 3493 exemplo

207 3506 374 3589 (iniungat.
415 3507 452 3567 ld
476 3509 591 3568 vitium
617 3509 722 3584 abest,
752 3515 781 3574 si
801 3515 842 3577 de
869 3516 921 3576 die
944 3516 1115 3579 exoriente
1131 3517 1211 3578 dixit.

198 3587 259 3672 ¹Ita·
276 3633 370 3685 uero,
394 3625 428 3673 vt
449 3614 599 3694 equidem
621 3616 785 3688 existimo,
813 3618 954 3701 deterius
975 3620 1091 3692 etiam,
1124 3641 1211 3702 quam

204 3720 268 3778 sola
288 3720 344 3777 dea
365 3716 400 3777 in
422 3736 627 3799 conspectum
648 3720 802 3790 adducta,
824 3719 970 3794 fecisset,
989 3726 1017 3784 si
1032 3726 1210 3808 imaginem,

204 3841 300 3900 quatu
325 3821 423 3884 modo
448 3810 668 3904 pulcerrimum
693 3824 875 3884 ostenderat
896 3845 932 3887 ac
956 3828 1054 3909 plane
1076 3833 1212 3913 magnifi-

203 3944 280 3995 cam,
302 3927 432 3987 adiectis
451 3926 563 3987 alien'is
578 3928 729 3991 anetubris
748 3927 925 3991 deformem
948 3932 1153 4007 reddidisset,
1173 3950 1211 3995 at·

201 4047 279 4106 que,
303 4042 338 4088 vt
357 4030 455 4091 verbo
480 4029 603 4105 dicam,
625 4036 773 4096 exoriens
793 4033 829 4094 in
850 4037 936 4097 caelo
956 4037 1048 4098 iubar
1070 4042 1211 4123 opposita

199 4129 340 4193 humana
360 4129 461 4193 forma
479 4136 684 4203 obscurasset.
728 4139 914 4204 deridetur
933 4140 968 4202 id
985 4141 1056 4225 ipse
1075 4145 1225 4209 Eiohstu

1141 4250 1209 4311 dius
