2859 4934
265 255 478 337 Commeot.
505 257 551 334 de
581 258 706 335 metris
730 255 888 335 Pindari.
926 255 965 334 P.
989 276 1023 339 r,
1086 259 1161 358 '195

141 456 242 521 etim,
261 452 345 530 quid
359 463 461 518 esset,
484 448 571 529 quod
586 450 686 527 critici
704 469 761 519 ea,
783 467 866 528 quae
882 468 976 511 aures
993 451 1161 515 vehemen-

141 570 201 628 ter,
213 557 413 624 excruciant,
439 574 480 614 ne
497 556 747 615 animaduertere
767 553 899 629 quidem
916 552 1098 625 videantur,
1122 575 1160 618 ea

142 675 275 726 autem,
300 680 380 738 quae
399 659 484 718 nihil
507 676 638 737 vsquam
661 654 848 716 offensionis
868 656 1004 725 habent,
1028 676 1158 736 prorsus
1300 696 1302 701 ·

142 766 360 826 intolerabilia
382 784 451 824 esse
474 761 678 824 contendant.
721 756 799 817 Inde
818 756 898 817 mira
922 760 1076 837 quaedam
1094 761 1156 844 ful·
1212 762 1248 851 Ἰ

144 889 273 932 crorum
299 882 473 930 commenta
501 860 568 926 orta
590 877 683 934 sunt,
708 862 822 941 quibus
847 876 968 922 tantum
989 864 1094 938 abest,
1120 879 1157 927 vt
1188 864 1190 866 ’
1266 936 1270 947 y

143 954 315 1056 genuinam
333 971 472 1048 antiquis
492 970 592 1049 poetis
609 967 799 1046 scripturam
817 952 944 1026 restitui
964 967 1097 1038 credam,
1119 983 1156 1031 vt
1194 951 1195 954 Ἴ

141 1078 250 1158 potius
265 1064 524 1135 consuetudinem
538 1084 700 1153 poetarum
715 1069 839 1138 violari,
852 1071 1074 1151 insignemque
1089 1075 1153 1135 ele·

139 1180 268 1262 gantiae
283 1178 422 1259 poeticae
437 1192 554 1256 partem
568 1174 726 1254 corrumpi
741 1174 930 1236 existimem
949 1175 1027 1234 Nam
1042 1180 1152 1256 siquis

140 1282 278 1347 subactis
296 1278 418 1339 assidua
437 1280 661 1340 exercitatione
682 1278 810 1338 auribus
828 1278 1012 1358 diligentius
1027 1301 1153 1363 'motem

141 1397 316 1476 poetarum.
328 1387 504 1453 notauerit‚
525 1387 552 1444 is
577 1382 865 1462 facile'intelliget‚
880 1384 988 1453 ‚etiarn
1007 1385 1152 1448 hiatuuut

141 1487 265 1554 doctam
288 1485 454 1561 quamdam
476 1501 509 1547 et
526 1487 678 1547 subtilem
694 1487 851 1547 rationem
871 1507 956 1557 esse,
975 1509 1055 1567 quae
1072 1492 1150 1554 adeo

139 1590 247 1674 paucis
269 1589 386 1669 regulis
407 1587 710 1669 comprehendatur,
739 1605 790 1661 vt,
819 1591 896 1669 quid
922 1606 1006 1652 recte
1024 1594 1060 1653 in
1088 1594 1150 1656 hoc

139 1713 276 1778 genere,
314 1692 393 1780 quid
414 1710 582 1774 perperam
605 1692 674 1766 fiat,
701 1694 792 1756 nullo
812 1696 904 1778 plane
926 1699 1056 1781 negotio
1078 1718 1149 1780 per·

136 1802 220 1882 epici
242 1774 350 1881 possit.
1231 1781 1234 1788 ¹

157 1937 160 1942 ’
223 1937 296 1997 Due
315 1934 399 1995 enim
418 1946 493 1994 sunt
510 1952 626 2014 genera
644 1934 807 2003 hiemum,
828 1931 970 2014 primum
990 1936 1027 1997 in
1043 1938 1147 2000 vocali

134 2038 240 2111 hreni,
265 2041 395 2100 alterum
416 2038 452 2096 in
475 2037 568 2117 longa
589 2039 691 2099 vocali
708 2041 760 2100 vel
779 2037 990 2121 diphthongo.

219 2174 269 2233 Ex
285 2174 335 2234 his
351 2172 376 2233 ii
390 2173 513 2243 hiatus,
535 2178 591 2253 qui
609 2178 732 2239 suntin
751 2176 843 2237 breui
859 2177 970 2247 vocali,
991 2177 1061 2238 siue
1078 2197 1147 2242 eam

133 2278 198 2340 alia
216 2278 332 2339 vocalis
352 2278 476 2348 breuis,
498 2281 567 2340 siue
583 2276 701 2363 longa,
722 2262 793 2342 ‘siue
813 2281 909 2341 etiam
928 2281 1145 2364 diphthongus

133 2392 303 2462 sequatur,
327 2374 518 2463 optimorum
537 2397 705 2462 poetarum
719 2378 784 2446 “vsu
805 2387 959 2448 tritissimi
978 2401 1063 2449 sunt.
1099 2389 1145 2449 Ac
1228 2434 1232 2441 -

131 2506 214 2550 eane
238 2506 306 2547 non
329 2486 426 2545 modo
452 2493 565 2566 parum
589 2487 775 2551 offensionis
797 2489 859 2551 hoc
878 2510 978 2570 genus
997 2491 1150 2551 hiatuitm-

131 2591 247 2661 habet,
266 2592 323 2652 sed
345 2609 440 2670 saepe
458 2591 552 2648 etiam
571 2609 684 2671 magna
704 2594 741 2652 in
760 2595 799 2653 iis
818 2607 865 2653 est
881 2596 1045 2674 elegantia,
1070 2614 1143 2674 pro·

130 2710 244 2781 pterea
261 2694 347 2774 quod
369 2693 459 2754 facile
479 2709 512 2752 et
535 2713 645 2774 magna
665 2712 736 2755 curn
755 2699 842 2758 vocis
865 2700 1065 2760 volubilitate
1085 2719 1143 2781 pro
1164 2762 1170 2774 ,

128 2801 334 2867 nunciantur,
352 2800 544 2880 plenumque
561 2800 596 2857 in
613 2801 652 2861 iis
668 2800 817 2880 quiddam
832 2815 863 2860 et
881 2820 1030 2864 sonorum
1047 2805 1142 2868 inest.

109 2904 168 2965 'ld
194 2904 365 2986 praecipue
387 2906 421 2963 in
447 2904 584 2965 Pindaro
607 2906 788 2991 meminisse
809 2920 953 2986 oportet,
977 2911 1033 2988 qui
1052 2923 1086 2968 vt
1104 2908 1142 2970 in

130 3007 281 3071 omnibus
307 3007 404 3070 rebus
429 3008 630 3089 splendorem
653 3021 684 3067 et
704 3009 975 3090 magnificentiam
995 3026 1140 3084 sectatur,

128 3114 176 3175 ita
196 3111 254 3173 hos
276 3125 401 3190 quoque
423 3111 526 3171 hiatus
557 3110 700 3174 omnium
726 3127 892 3193 poetarum
913 3117 1053 3176 maxime
1080 3115 1144 3188 hei

129 3215 308 3296 quentauit.
361 3214 466 3288 Quare
491 3215 526 3273 in
551 3213 613 3274 hoc
630 3214 770 3294 'quidem
799 3219 952 3300 scriptore
980 3241 1041 3280 nec
1065 3222 1141 3282 scri·

127 3334 246 3403 pturae
270 3320 477 3390 mutatione,
497 3337 557 3378 uec
586 3319 798 3400 dispositione
827 3341 976 3382 versuum
1004 3321 1167 3383 tollendi·

128 3438 216 3487 sunt.
266 3423 310 3481 lta
329 3415 587 3502 olymp.11‚1‘69.
606 3443 641 3495 γε
655 3405 758 3489 ἐτέων.
781 3425 818 3495 V,
830 3445 878 3499 37.
895 3414 933 3483 sd
948 3424 981 3486 di
1000 3425 1139 3504 ἔχοντες.

92 3550 95 3555 -
125 3523 349 3608 irrumpa
362 3528 398 3598 γε
413 3525 448 3586 u.
475 3543 543 3597 117.
559 3523 643 3607 rupe
657 3514 777 3590 iteras
811 3526 1052 3608 Pyruturst.
1070 3522 1142 3594 otas

125 3629 225 3714 ἔργον.
257 3628 293 3696 V,
313 3629 379 3690 106.
405 3625 539 3708 Kupvsi‘u
558 3627 602 3686 riu.
638 3627 688 3701 vt,
707 3650 756 3706 51.
778 3631 864 3708 urile
884 3629 996 3694 ἁδόντι.
1027 3632 1065 3703 X,
1081 3653 1135 3710 4²·

124 3730 238 3798 οὔποτε
255 3726 406 3806 ipsam.
439 3729 633 3803 Nem.1‚24.
655 3731 813 3814 μναστῆρά
833 3736 942 3807 σήν,
961 3741 1008 3810 58.
1032 3735 1085 3800 τοῦ
1105 3735 1140 3800 33
1236 3756 1247 3773 .,
1305 3767 1307 3770 .

122 3834 231 3922 59759·
273 3830 378 3896 tstlim.
391 3833 414 3904 l,
429 3851 479 3910 44·
497 3829 679 3907 Ποσειδάωνι
697 3830 821 3918 Ἰσθμῷ.
850 3836 979 3932 Ἥβη..
998 3837 1139 3920 Ἀμφωί.

85 4021 95 4036 ἱ
121 3939 199 4029 ραόν
214 3960 250 4007 rr
264 3935 407 4004 sirudis.
443 3935 582 4012 Vlll,40.
600 3932 726 4032 valrt
742 3933 833 4015 tter,
855 3955 892 4003 et
908 3944 1134 4025 alibisaepius.
1231 3959 1237 3972 ·
