2859 4934
226 448 455 548 Commeat.
484 447 532 526 dc
558 450 693 527 metris·
708 445 866 527 Pindari.
903 443 942 528 P.
962 473 996 531 1.
1058 458 1132 545 185

127 642 218 725 quod
247 644 281 718 in
305 644 361 706 illo
384 642 468 702 libro
490 659 525 699 ea
550 639 684 709 tradidi,
707 657 790 717 qua-e
811 640 904 700 talem
925 661 943 701 a
965 660 1019 704 me
1038 643 1138 724 negli-

129 749 276 830 gentiam
307 749 442 807 maxime
470 763 634 821 remouere
656 745 822 805 debebant.
860 744 937 805 ·Sed
958 765 1026 807 non
1047 747 1139 809 decet

129 851 286 913 ednereue
303 853 382 911 alios
401 868 557 918 seuerum,
581 867 653 929 erga
670 866 706 908 ee
725 847 830 927 iprum
851 848 1040 912 clementem
1060 870 1136 913 eece.

131 956 240 1032 Quare
264 956 376 1017 lubena
396 975 431 1016 ac
451 955 561 1015 volens
583 954 623 1015 ob
644 952 721 1012 istoc
738 969 860 1011 errores
880 953 1066 1032 piacularem
1085 974 1139 1017 me
1175 938 1197 1040 ‚¹
1237 1006 1241 1012 .

133 1077 204 1121 esse
219 1078 372 1141 agnosco.
395 1077 475 1129 nec,
493 1056 595 1136 siquid
615 1056 735 1125 erraui,
753 1069 917 1118 retractare
934 1072 965 1117 et
982 1061 1140 1141 corrigere
1199 1047 1201 1050 ⁵

133 1163 234 1244 piget.
293 1162 416 1221 Etenim
437 1165 471 1222 in
494 1163 576 1223 libro
601 1159 763 1242 primodc
784 1161 890 1220 metris
911 1180 976 1244 cap.
994 1165 1057 1238 XX,
1085 1166 1139 1226 de·

134 1268 333 1336 monetraui,
356 1267 512 1346 quaelibet
533 1266 701 1335 vocabula,
726 1266 843 1347 pariter
860 1278 956 1343 atque
971 1267 1056 1346 ipcoe
1072 1282 1140 1329 ver·

134 1390 207 1441 cue,
232 1391 325 1431 suum
343 1369 506 1450 quemdam
522 1389 689 1431 numerum
705 1367 843 1439 habere,
864 1371 993 1449 eiusque
1011 1373 1140 1432 numeri
1208 1355 1210 1361 ¹

136 1476 298 1544 eamdem,
321 1495 402 1556 quae
421 1476 456 1534 in
475 1476 603 1536 caeteris
619 1475 761 1534 numeria
778 1460 841 1543 eat,
867 1474 973 1552 legem
996 1492 1082 1543 ecre,
1106 1488 1143 1534 vt

135 1576 385 1657 nltimaeyllaba
404 1595 552 1640 mensura
571 1594 693 1662 careat„
709 1597 789 1658 quae
809 1591 915 1637 autem
934 1577 1058 1637 mediae
1079 1579 1141 1660 ayl-

135 1680 332 1752 labae‘cunt,
354 1702 461 1744 earum
481 1698 562 1743 certa
586 1681 730 1750 mensura
750 1681 1063 1762 atqueimmutabilia
1085 1683 1141 1753 εἰη
1185 1743 1194 1752 ,

136 1785 180 1847 ob
207 1804 339 1867 eamque
361 1807 446 1861 rem,
478 1787 506 1847 ai
528 1786 653 1865 quando
675 1787 781 1848 breuia
802 1786 919 1865 syllaba
942 1776 1143 1866 producenda

134 1904 231 1958 esset,
251 1909 316 1950 eam
331 1891 482 1970 syllabam
500 1910 565 1950 non
583 1909 674 1970 posce
695 1911 733 1951 ex
752 1892 797 1959 iia¹
808 1909 894 1955 esse,
918 1908 1051 1967 quarum
1066 1880 1141 1961 conss

106 1987 227 2065 ‚stane
248 2009 329 2056 esset
349 2009 382 2056 et
404 2008 486 2056 certa
509 2012 664 2056 mensura.
706 1996 742 2054 ld
762 2010 862 2074 quum
880 2006 961 2056 esset
977 1995 1141 2062 verissime
1222 2070 1224 2075 .
1313 2027 1315 2030 ·

136 2097 366 2166 dictum,.non
392 2099 525 2159 debebat
546 2099 682 2181 negligi,
707 2119 804 2180 quum
824 2101 860 2158 in
873 2096 964 2167 ¹libro
987 2098 1082 2158 tertio
1103 2098 1144 2160 de

138 2199 284 2271 versibus
312 2201 497 2280 acynartetic
529 2212 560 2258 et
588 2203 781 2281 tragicorum
813 2187 915 2270 choris
944 2201 1143 2281 disputarem.

136 2303 242 2365 Facile
258 2305 345 2365 enim
362 2295 568 2384 intelligitur,
591 2324 689 2384 quum
709 2304 858 2365 vocabula
876 2303 912 2362 in
932 2303 1011 2366 duos
1033 2327 1142 2371 verene

137 2407 341 2469 dirrrahenda
362 2421 452 2477 aunt,
474 2406 508 2466 id
527 2414 704 2489 nonlposae
725 2390 812 2467 aliter
830 2408 914 2477 lieri,
936 2392 1000 2469 nisi
1015 2412 1084 2496 laic,
1107 2392 1143 2474 rt

136 2513 171 2572 in
195 2500 272 2572 linet
289 2533 434 2588 versuum
453 2532 507 2572 eae
526 2495 664 2592 syllabae
683 2509 837 2584 incidant,
857 2531 937 2591 quae
956 2512 1051 2592 piane
1070 2535 1143 2575 con·
1173 2561 1177 2568 .
1219 2598 1221 2600 V

137 2632 254 2698 gruant
272 2637 343 2677 cum
359 2617 570 2698 descriptione
588 2631 770 2678 metrorum.
814 2617 911 2677 Aliter
930 2617 1019 2681 enim
1035 2634 1066 2680 et
1080 2639 1144 2687 ,me-

137 2732 222 2780 trum
239 2720 420 2790 violaretur,
438 2736 468 2782 et
488 2724 542 2802 qui
563 2725 597 2781 in
612 2724 690 2802 ipeic
704 2721 863 2782 vocabulis
878 2732 1032 2782 uumerus
1049 2723 1144 2795 ineat,

138 2824 268 2904 penitus
287 2817 449 2898 interiret,
467 2813 563 2907 acque
582 2826 701 2894 aurium
725 2844 853 2904 quoque
871 2844 1015 2886 commus
1036 2847 1146 2888 conee-

137 2940 290 3007 queretur
318 2930 482 3005 cruciatuc.
534 2931 612 2990 Nam
630 2932 669 2994 ai
697 2930 837 2994 cuiusuis
869 2917 977 2991 versuo
1004 2925 1145 3007 vltimam
1239 2986 1241 2990 r

139 3033 294 3110 syllabam
311 3053 463 3093 mensura·
480 3053 585 3092 carere
603 3017 833 3101 contendimus,
855 3035 888 3094 id
907 3034 998 3095 hanc·
1008 3036 1072 3096 vim
1091 3036 1145 3112 haf
1209 3050 1211 3053 ’

138 3135 213 3205 bet,
238 3151 290 3206 vt,
310 3139 549 3237 cuiuscumque
558 3154 726 3200 menturae
749 3138 859 3198 vltima
884 3139 1002 3220 syllaba
1026 3144 1084 3213 ait,
1109 3162 1144 3202 ea

139 3259 201 3320 pro
219 3243 309 3301 metri
326 3243 475 3320 cuiusque
488 3258 618 3314 natura,
639 3244 666 3306 ei
683 3245 775 3322 longa
790 3240 979 3322 requiritur,
998 3246 1145 3326 produci,

124 3325 186 3405 ‚⁸3
194 3343 315 3413 breuis.
342 3349 460 3427 corripi
483 3350 695 3423 existimetur,
717 3348 787 3407 ciue
805 3347 847 3406 ita
868 3365 977 3409 reuera
996 3351 1054 3420 eit,
1076 3353 1147 3412 ciue

138 3465 210 3508 non
226 3448 297 3508 ait.
304 3449 427 3529 ltaque
442 3473 539 3532 quum
556 3453 773 3513 hexametrum
787 3447 999 3531 dactylicum
990 3475 1025 3514 ιιι
1042 3455 1146 3536 ὀιοιγ;

138 3551 208 3612 lum
227 3552 314 3611 exire,
327 3553 467 3623 dicimus,
491 3556 600 3614 vltima
616 3556 721 3618 breuia
742 3557 906 3642 habebitur
923 3557 1019 3617 etiam
1034 3559 1071 3620 in
1086 3559 1149 3623 hoc

139 3674 238 3716 versu
261 3654 424 3745 Sophoclis
447 3661 481 3719 in
504 3658 629 3740 Oedipo
650 3661 740 3744 Rege
764 3660 833 3737 164.
903 3709 906 3718 .
981 3648 993 3674 ’
1169 3661 1172 3669 ’

257 3776 286 3839 el
303 3800 375 3841 crore
395 3781 443 3841 nul
462 3764 609 3864 rporlpec
624 3773 700 3849 ci'rcc'
719 3775 793 3866 ὅπερ
813 3778 979 3864 ι’ρνιμένιις
996 3784 1095 3854 πόλει.

139 3902 262 3966 Contra
287 3924 384 3982 quum
406 3904 578 3964 iambicum
600 3904 778 3990 trimetrum
806 3907 912 3971 iambo
939 3910 1024 3970 finiri
1042 3931 1149 3975 cense-

139 4027 226 4080 mue,
247 4004 305 4088 ¹pro
322 4009 413 4090 longa
431 3997 546 4070 babere
564 4011 735 4070 conueniet
750 4006 921 4102 vltimam
912 4035 947 4075 m
962 4015 1024 4077 hoc
1037 4034 1149 4078 verca.
1196 4093 1199 4103 Ι

255 4127 302 4191 ιίεὶ
321 4130 359 4206 μὲ
361 4155 395 4210 ν,
417 4155 439 4195 ιι
463 4138 523 4194 arai
543 4130 645 4218 Λιιρτί
646 4155 695 4205 ιι,
719 4132 846 4229 δέδιριιιί
867 4155 913 4202 σι.

1108 4243 1208 4307 Δι’
