2859 4934
224 424 307 501 282
591 409 638 490 G.
665 407 888 488 Hetmtnui

223 604 340 669 insitae
353 600 513 682 splendor.
543 598 638 683 strat
651 622 730 665 veto
744 602 848 685 primo
862 619 971 682 coque
986 563 1229 685 fteqnentissint

223 709 403 791 significatu
426 707 649 797 intelligimus.
681 721 719 766 vt
738 706 919 787 praemium
942 707 1125 786 significet.
1181 710 1230 781 ian

224 812 308 876 nihil
329 832 469 893 usquam,
489 824 578 893 puto
591 809 795 873 difficultatis
800 823 907 873 restat.
952 811 1229 884 Fortunatissimm
1263 857 1264 871 r

224 937 278 990 es,
298 918 415 994 inquit.
460 915 578 975 Partim
596 917 700 986 enim,
720 896 794 993 quia
807 916 929 995 magnis
949 917 1097 986 vrbibus
1120 918 1230 1001 imperi·

221 1035 280 1090 tas,
299 1022 412 1081 innata
426 1019 485 1080 tibi
502 1019 602 1081 virtus
619 1018 680 1080 hoc
702 1037 860 1078 summum
873 1037 1082 1100 consequuta
1096 1037 1146 1086 est
1160 1044 1230 1106 ptat-

221 1129 334 1198 mium,
353 1124 473 1204 regium
495 1123 615 1184 scilicet
633 1123 742 1193 decus,
761 1135 815 1182 tut
830 1135 1045 1205 temperatum
1067 1130 1229 1208 sapientia

221 1232 338 1316 partim
357 1229 451 1290 etiarn
470 1224 601 1306 Pythice
617 1240 648 1288 te
664 1246 753 1300 nunc
765 1227 897 1289 victoria
910 1229 999 1305 boat.
1042 1229 1146 1315 Γέρας
1158 1232 1230 1308 roim

220 1352 298 1399 sane
313 1331 420 1414 paullo
433 1327 614 1410 languidius
628 1327 726 1389 dixit:
747 1329 861 1392 sedita
879 1334 979 1395 etiarn
994 1333 1228 1417 Olymp.l‚173.

218 1433 434 1507 tritonidos,
463 1445 495 1493 et
516 1432 672 1514 Pythvt,
689 1433 737 1494 26.
767 1431 881 1505 ratiruc
900 1436 1007 1513 τιμᾶς.
1067 1438 1228 1504 Caeterum

219 1561 288 1606 non
303 1538 416 1600 dubito
431 1534 615 1600 αἰδοιότατον
630 1554 689 1618 pro
706 1535 909 1626 uideticrnrot
924 1541 1121 1624 legendum.
1162 1545 1228 1623 Nan

218 1647 281 1715 etsi
300 1662 426 1706 versum
440 1659 549 1722 posses
565 1640 693 1722 dipodia
711 1643 858 1714 iambica,
879 1657 911 1705 et
928 1645 1135 1719 choriambo,
1147 1668 1226 1729 quem

218 1750 345 1814 iambus
363 1758 562 1824 sequeretur,
582 1739 802 1827 dimetirigita
822 1762 858 1809 vt
873 1748 1056 1812 choriambi
1067 1755 1177 1816 vicem
1190 1770 1225 1823 et·

217 1855 283 1919 iam
302 1854 365 1913 duo
387 1850 486 1911 iambi
509 1847 720 1911 sustinerent:
754 1852 859 1913 obstat
884 1867 1010 1926 tamen,
1053 1869 1129 1918 tum
1151 1858 1224 1937 quod

217 1957 376 2036 nusquam
398 1953 433 2012 in
451 1950 640 2042 choriambis
654 1950 713 2010 hac
730 1953 878 2019 libertato
890 1979 967 2021 rsus
989 1974 1043 2022 est
1068 1946 1223 2048 Pindarus,

217 2075 284 2124 rum
304 2055 392 2138 quod
408 2055 460 2116 hic
477 2075 598 2122 versus
611 2056 741 2137 pariter
746 2074 781 2119 vt
795 2080 943 2141 sequens,
966 2083 986 2124 s
1000 2063 1223 2132 dochmiacae

128 2241 131 2247 Ι
216 2163 418 2246 anapaestico
432 2159 467 2220 in
484 2161 625 2221 iambum
645 2175 783 2245 exeunte
798 2163 950 2225 conflatus
965 2165 1150 2236 videbatur.
1173 2173 1223 2235 dc

140 2255 148 2267 ’
216 2271 323 2355 plures
346 2264 445 2326 etiam
466 2264 502 2326 iu
521 2265 583 2328 boc
609 2266 747 2332 carmine
773 2265 916 2330 dochmii
936 2281 1039 2352 atquo
1068 2277 1222 2362 antispasti
1248 2313 1250 2316 -

214 2373 431 2457 reperiuntur.
1242 2379 1244 2385 ’

258 2529 308 2585 3²·
331 2505 477 2567 Omnino
502 2517 590 2565 recte,
612 2502 786 2577 Gedikins.
825 2508 882 2589 qni
904 2492 1042 2574 sublata·
1058 2516 1219 2600 interpnn‘

214 2613 323 2674 ctione
345 2622 418 2692 post
442 2606 631 2693 ἀειδόμενον,
651 2604 858 2689 ὑπεριιᾶιμεν
874 2631 948 2670 cum
963 2613 1098 2681 λαθέτω
1115 2622 1218 2684 iunxit.

214 2713 309 2792 Quod
331 2693 440 2772 verum
458 2731 526 2772 esse
542 2713 742 2774 confirmatur
760 2729 818 2782 co,
838 2713 923 2793 qnod
944 2718 1059 2794 φιλεῖν
1079 2745 1110 2789 v.
1122 2745 1172 2801 34.
1186 2727 1220 2788 ab

211 2801 392 2882 ¹Aristarcho
408 2813 586 2895 profectum
604 2830 662 2879 est.
692 2815 850 2886 Pindarus
864 2821 990 2901 scripsit
1006 2827 1110 2902 φίλει.
1137 2831 1219 2904 Nam,
1237 2857 1239 2860 ·

213 2936 249 2982 vt
271 2921 418 3000 Hoyuius
439 2920 638 2990 obseruauit‚
653 2910 747 2981 *noua
769 2919 822 2981 hic
844 2940 972 3002 prorsus
996 2934 1161 2993 sententia
1177 2937 1219 2996 in·

212 3025 300 3105 cipit.
344 3021 498 3082 Fraudern
518 3021 593 3083 fecit
612 3023 850 3086 Aristarchol
811 3025 850 3098 μὲ
852 3047 868 3084 ν
886 3041 918 3086 et
939 3025 983 3093 δέ.
1037 3034 1156 3098 Verum
1183 3059 1219 3101 ex

125 3147 128 3150 ’
211 3129 263 3190 his
281 3125 442 3208 particulis
461 3144 529 3186 non
546 3127 705 3205 sequitur,
727 3140 763 3219 ιι
785 3129 934 3193 circuitus
952 3134 1131 3234 verborum
1153 3161 1219 3206 con

208 3232 329 3296 tinuari
349 3229 481 3290 ulterius
503 3228 653 3288 debeat.

252 3389 304 3446 48
329 3365 404 3427 Non
420 3365 551 3435 dubito,
573 3365 650 3444 quin
666 3385 743 3430 vere
763 3369 934 3434 coniecerit
950 3373 1103 3443 Pauwius
1118 3381 1219 3449 rstrc'·

210 3496 270 3536 νων
297 3471 415 3534 duldsi'
441 3467 540 3542 ἄγων,
576 3483 611 3528 vt
641 3472 777 3534 creticus
807 3479 937 3582 paeonis
965 3468 1075 3543 locum
1105 3499 1217 3553 teneat.

178 3564 180 3567 ¹
209 3580 313 3658 quue
344 3576 461 3655 recepit
486 3573 628 3634 Beckius.
689 3554 924 3653 Διἰιδιίλμαιιι
914 3591 1143 3667 interpretatio
1164 3607 1217 3656 est.

123 3763 125 3769 Ι
208 3682 360 3744 beldrica
381 3680 470 3739 enim
493 3678 662 3740 Homerico
682 3699 741 3740 vsu
762 3701 823 3763 pro
841 3685 998 3748 substanti
1001 3708 1041 3751 uo
1065 3693 1218 3776 adhibuit,

208 3800 246 3849 vt
265 3783 449 3854 11ἰιά.ΧιΧ,
466 3799 512 3856 ιι.
530 3800 576 3860 ι9.
605 3779 720 3862 Odyss.
734 3785 814 3858 XIX,
833 3808 902 3866 ²²7·

253 3941 302 3997 50.
325 3913 364 3980 ιῖν
385 3936 445 4000 pro
463 3916 496 3977 ἐν
513 3917 605 3977 etiam
623 3918 808 3984 scholiastes
828 3923 955 3986 videtur
977 3927 1147 4006 habuisse,
1167 3953 1218 4018 per

171 4103 173 4109 Ι
208 4046 289 4094 stara
285 4023 496 4104 explicans,
523 4036 587 4100 quo
613 4022 711 4102 magis
738 4026 895 4104 adducor,
923 4047 959 4095 ιι
978 4033 1041 4098 hoc
1064 4041 1218 4106 merim

204 4127 323 4201 Becltio
345 4117 511 4212 receptum
534 4125 723 4224 existimem.

1173 4258 1218 4324 51·
1246 4220 1264 4325 f
