2859 4934
207 435 289 495 200
553 396 855 487 'Gsttermanni

292 607 405 686 Longe
428 602 487 662 alia
507 582 640 663 illorum
658 599 809 660 hiatnum
826 598 907 660 ratio
925 608 994 668 est,
1018 598 1075 679 qui
1093 612 1159 661 sunt
1174 600 1200 663 iu

210 714 307 793 longa
327 709 431 772 vocali
449 707 501 767 vel
524 707 559 764 iu
576 704 788 786 diphthongo.
830 702 911 772 Nam
931 704 1007 783 quia
1030 707 1066 766 in
1085 705 1133 768 his
1153 707 1203 767 diu·

214 818 281 877 tius
299 814 487 873 immoratur
504 828 579 876 vox.
603 808 794 888 pleniorque
814 819 846 868 et
865 808 999 870 crassior
1015 828 1113 872 sonus
1131 811 1205 883 inest,

215 918 327 981 callide
349 930 423 977 sunt
442 930 472 976 st
493 915 595 993 perite
616 910 808 981 adhibendi,
837 930 881 970 ne
903 913 978 973 rudi
1001 916 1135 993 quadam
1154 937 1207 997 pre
1280 919 1286 977 i

191 1019 392 1086 mundandi
419 1020 561 1080 molestia
590 1033 621 1078 et
650 1017 805 1076 inurbane
840 1015 1020 1079 rusticitate
1049 1023 1209 1080 termonem
1282 1023 1286 1080 ἶ

218 1124 409 1188 deforment.
461 1123 642 1213 Propterea·
657 1135 769 1203 poetae
800 1119 971 1201 diligenter
995 1136 1161 1193 curarunt,
1178 1133 1212 1183 'vt

217 1233 349 1310 longam
372 1231 516 1290 vocalem
536 1229 588 1287 vel
607 1225 843 1308 diphthongum
864 1238 920 1285 aut
941 1226 1156 1308 corriperent,
1177 1247 1212 1290 se·

221 1347 341 1414 quente
357 1334 471 1401 vocali.
494 1346 548 1393 aut
570 1333 633 1391 ictu
653 1332 821 1411 erigerent.
864 1329 1008 1409 Vtroque
1024 1332 1110 1392 enim
1128 1333 1214 1404 medo.

221 1437 342 1517 siquid
359 1438 393 1497 in
412 1437 503 1498 hiatu
521 1455 654 1498 crassum
674 1450 705 1495 et
725 1436 874 1497 rusticum
894 1437 997 1507 inest,
1016 1432 1112 1496 facile
1128 1439 1215 1497 occul·

154 1592 159 1611 .
221 1556 317 1605 tatur.
369 1544 496 1605 Etenim
521 1545 548 1605 si
569 1542 755 1620 corripitur,
786 1541 921 1620 perinde
945 1554 1057 1601 estias
1077 1541 1104 1601 si
1128 1540 1218 1601 breuis

222 1648 342 1709 vocalis
375 1661 478 1709 esset:
525 1666 588 1726 quo
621 1647 704 1707 nihil
733 1643 930 1706 volubilitati
955 1645 1220 1727 pronunciationis

225 1751 419 1821 detrahitur,
444 1765 478 1812 vt
499 1753 533 1812 in
553 1753 620 1822 his.

309 1853 378 1918 οὐδέ
400 1858 433 1918 τί
452 1878 500 1932 μοι
523 1861 705 1939 περίκειται,
726 1849 791 1914 ἐπεὶ
812 1844 915 1912 renos
933 1842 1033 1925 ἄλγεα
1053 1847 1154 1936 βορᾷ,

310 1956 367 2041 elsi
389 1957 465 2037 ἐμήν
483 1957 594 2040 ψυχήν
613 1952 890 2042 rxpoedxlile'ptarec
906 1951 1101 2043 πολεμίξειν.

208 2056 287 2133 ¹Sin
304 2091 381 2134 vero
403 2073 467 2133 ictu
488 2072 660 2142 excitatur,
687 2070 750 2131 hoc
772 2071 843 2152 ipso
861 2067 1013 2132 'acumine
1038 2069 1153 2134 certior
1171 2085 1224 2132 vox

228 2186 324 2254 atque
345 2176 476 2235 teretior
496 2175 620 2248 euadit,
642 2190 677 2238 vt
698 2177 734 2236 in
754 2175 835 2245 hoc,

346 2269 441 2340 Ἴλιον
465 2278 629 2360 ἐκτῆσθαι,
656 2268 1062 2359 εὐναιόμινον“πολίεθρον.
1149 2322 1155 2331 .
1280 2338 1281 2371 p

231 2378 277 2441 Ac
295 2377 401 2440 Latini
425 2397 552 2462 poetae,
576 2385 603 2444 si
626 2383 754 2463 quando
775 2403 792 2444 a
810 2381 937 2443 Graecis
959 2382 1083 2443 hiatum
1107 2378 1231 2443 adsciue
1279 2374 1281 2419 {

231 2497 327 2558 runt,
349 2500 513 2566 vtrarnque
531 2502 605 2547 sunt
627 2488 782 2550 rationem
802 2489 945 2568 sequuti,
968 2501 1004 2546 vt
1020 2484 1184 2567 Virgilius,
1279 2502 1281 2511 ·

347 2602 379 2650 te
402 2590 566 2674 Corydon,
590 2613 609 2651 o
630 2591 743 2655 Alexi:
1119 2574 1134 2584 ‘

347 2694 504 2771 Amphion
527 2695 688 2756 Dircaeus
710 2697 745 2756 in
767 2695 886 2756 Actaeo
907 2691 1106 2775 AracyntIm.

234 2801 303 2865 Atia
322 2809 463 2890 exempla
481 2807 586 2866 attulit
602 2808 765 2870 Bentleius
778 2809 817 2869 ad
833 2808 941 2869 Horat.
951 2807 1002 2868 lll.
1018 2806 1124 2869 Carm.
1137 2821 1184 2880 14,
1197 2822 1238 2865 tt.

236 2906 357 2968 Contra
385 2913 454 2988 quis
481 2930 548 2970 uon
576 2912 693 2981 sentit,
728 2915 878 2996 pinguem
905 2913 1065 2992 planeque
1089 2923 1241 2990 agrestem

235 3019 349 3071 sonum
373 3017 540 3085 exsistere,
574 3035 672 3093 quurn
695 3017 789 3097 longa
816 3017 933 3077 vocalis
955 3016 1009 3074 vel
1028 3013 1243 3095 diphthongus

237 3113 273 3173 in
289 3115 379 3187 thesi,
399 3133 553 3200 sequente
572 3122 673 3182 vocali
690 3120 886 3202 producitur.
931 3116 1096 3198 Namque
1116 3119 1244 3188 tardius,

237 3233 270 3281 ct
296 3224 505 3301 correptionis
534 3226 734 3287 volubilitate
761 3239 792 3287 et
824 3242 929 3286 aracos
962 3223 1176 3309 concitatione
1201 3239 1245 3281 re·

237 3338 338 3392 mota,
367 3324 451 3388 iners
473 3344 503 3388 et
525 3330 672 3411 languida
694 3350 757 3392 vox
784 3328 982 3405 deuoluitur,
1007 3346 1045 3386 eo
1066 3327 1140 3408 plus
1156 3324 1247 3406 spatii

137 3487 139 3491 ,
239 3407 424 3490 conceditur
447 3435 575 3496 auribus
602 3435 642 3495 ad
669 3431 905 3516 percipiendam
930 3432 1034 3516 hiatus
1061 3412 1247 3494 molestiam.

185 3606 189 3613 ,
240 3534 336 3615 Quod
355 3554 454 3615 quum
473 3537 571 3599 latere
586 3540 734 3617 antiquos
755 3552 862 3618 poetas
883 3557 950 3599 non
971 3549 1100 3616 posset,
1123 3554 1249 3619 perraro

238 3637 324 3699 istud
345 3640 490 3701 hiatuum
505 3662 605 3724 genus
625 3642 854 3714 adhibuerunt,
876 3663 937 3702 nee
951 3640 1051 3704 ferme
1066 3642 1166 3711 illud,
1188 3640 1251 3702 nisi

240 3742 276 3802 in
299 3761 392 3804 versu
416 3744 545 3806 heroico
566 3746 738 3808 ferendum
759 3760 928 3826 putarunt,
960 3747 1015 3824 qui
1036 3761 1168 3829 propter
1188 3765 1252 3807 cer·

241 3847 356 3907 tiorem
380 3862 412 3908 et
435 3850 742 3930 magnificentiorem
767 3852 929 3912 incessum
952 3846 1077 3909 facilius
1095 3850 1254 3932 asperiora

242 3953 511 4033 quaedamquam
529 3952 582 4012 alii
600 3973 718 4023 versus,
731 3954 924 4014 admitteret.
968 3952 1012 4011 lta
1030 3954 1205 4028 Homerus,

240 4157 272 4207 et
354 4053 412 4127 dtr
433 4063 508 4147 βίην
527 4061 555 4129 τ’
577 4061 708 4142 drudes,
729 4063 781 4155 uel
796 4061 892 4133 ,Ἰλίου
914 4060 969 4144 ἶφι
988 4062 1142 4145 ἀνάσσειν,
